%YAML 1.1
%TAG !u! tag:unity3d.com,2011:
--- !u!1 &1228424208588633579
GameObject:
  m_ObjectHideFlags: 0
  m_CorrespondingSourceObject: {fileID: 0}
  m_PrefabInstance: {fileID: 0}
  m_PrefabAsset: {fileID: 0}
  serializedVersion: 6
  m_Component:
  - component: {fileID: 5998936102132946050}
  - component: {fileID: 5265310950592031354}
  - component: {fileID: 2446084303936553337}
  m_Layer: 5
  m_Name: Symbol
  m_TagString: Untagged
  m_Icon: {fileID: 0}
  m_NavMeshLayer: 0
  m_StaticEditorFlags: 0
  m_IsActive: 1
--- !u!224 &5998936102132946050
RectTransform:
  m_ObjectHideFlags: 0
  m_CorrespondingSourceObject: {fileID: 0}
  m_PrefabInstance: {fileID: 0}
  m_PrefabAsset: {fileID: 0}
  m_GameObject: {fileID: 1228424208588633579}
  m_LocalRotation: {x: 0, y: 0, z: 0, w: 1}
  m_LocalPosition: {x: 0, y: 0, z: 0}
  m_LocalScale: {x: 1, y: 1, z: 1}
  m_Children: []
  m_Father: {fileID: 8607940883821826896}
  m_RootOrder: 1
  m_LocalEulerAnglesHint: {x: 0, y: 0, z: 0}
  m_AnchorMin: {x: 0.5, y: 0.5}
  m_AnchorMax: {x: 0.5, y: 0.5}
  m_AnchoredPosition: {x: 0, y: 0}
  m_SizeDelta: {x: 150, y: 150}
  m_Pivot: {x: 0.5, y: 0.5}
--- !u!222 &5265310950592031354
CanvasRenderer:
  m_ObjectHideFlags: 0
  m_CorrespondingSourceObject: {fileID: 0}
  m_PrefabInstance: {fileID: 0}
  m_PrefabAsset: {fileID: 0}
  m_GameObject: {fileID: 1228424208588633579}
  m_CullTransparentMesh: 0
--- !u!114 &2446084303936553337
MonoBehaviour:
  m_ObjectHideFlags: 0
  m_CorrespondingSourceObject: {fileID: 0}
  m_PrefabInstance: {fileID: 0}
  m_PrefabAsset: {fileID: 0}
  m_GameObject: {fileID: 1228424208588633579}
  m_Enabled: 1
  m_EditorHideFlags: 0
  m_Script: {fileID: 11500000, guid: 0162a838dc3213a47a61b004398b96ae, type: 3}
  m_Name: 
  m_EditorClassIdentifier: 
  m_Material: {fileID: 0}
  m_Color: {r: 1, g: 1, b: 1, a: 1}
  m_RaycastTarget: 1
  m_RaycastPadding: {x: 0, y: 0, z: 0, w: 0}
  m_Maskable: 1
  m_OnCullStateChanged:
    m_PersistentCalls:
      m_Calls: []
  m_Sprite: {fileID: -1190142365561804841, guid: dc9c76a91368839429c2dfb1c38e75ce, type: 3}
  m_Type: 0
  m_PreserveAspect: 0
  m_FillCenter: 1
  m_FillMethod: 4
  m_FillAmount: 1
  m_FillClockwise: 1
  m_FillOrigin: 0
  m_UseSpriteMesh: 0
  m_PixelsPerUnitMultiplier: 1
--- !u!1 &3754480515217808884
GameObject:
  m_ObjectHideFlags: 0
  m_CorrespondingSourceObject: {fileID: 0}
  m_PrefabInstance: {fileID: 0}
  m_PrefabAsset: {fileID: 0}
  serializedVersion: 6
  m_Component:
  - component: {fileID: 8607940883821826896}
  - component: {fileID: 693410250460097120}
  - component: {fileID: 7139208064648885744}
  - component: {fileID: 1068448803977462392}
  m_Layer: 5
  m_Name: Nine
  m_TagString: Untagged
  m_Icon: {fileID: 0}
  m_NavMeshLayer: 0
  m_StaticEditorFlags: 0
  m_IsActive: 1
--- !u!224 &8607940883821826896
RectTransform:
  m_ObjectHideFlags: 0
  m_CorrespondingSourceObject: {fileID: 0}
  m_PrefabInstance: {fileID: 0}
  m_PrefabAsset: {fileID: 0}
  m_GameObject: {fileID: 3754480515217808884}
  m_LocalRotation: {x: 0, y: 0, z: 0, w: 1}
  m_LocalPosition: {x: 0, y: 0, z: 0}
  m_LocalScale: {x: 1, y: 1, z: 1}
  m_Children:
  - {fileID: 7741035659445241168}
  - {fileID: 5998936102132946050}
  m_Father: {fileID: 0}
  m_RootOrder: 0
  m_LocalEulerAnglesHint: {x: 0, y: 0, z: 0}
  m_AnchorMin: {x: 0, y: 0}
  m_AnchorMax: {x: 0, y: 0}
  m_AnchoredPosition: {x: 0, y: 0}
  m_SizeDelta: {x: 150, y: 150}
  m_Pivot: {x: 0.5, y: 0.5}
--- !u!222 &693410250460097120
CanvasRenderer:
  m_ObjectHideFlags: 0
  m_CorrespondingSourceObject: {fileID: 0}
  m_PrefabInstance: {fileID: 0}
  m_PrefabAsset: {fileID: 0}
  m_GameObject: {fileID: 3754480515217808884}
  m_CullTransparentMesh: 0
--- !u!114 &7139208064648885744
MonoBehaviour:
  m_ObjectHideFlags: 0
  m_CorrespondingSourceObject: {fileID: 0}
  m_PrefabInstance: {fileID: 0}
  m_PrefabAsset: {fileID: 0}
  m_GameObject: {fileID: 3754480515217808884}
  m_Enabled: 1
  m_EditorHideFlags: 0
  m_Script: {fileID: 11500000, guid: 3c66e9e2c1bc6a9458400cac0d0bfa02, type: 3}
  m_Name: 
  m_EditorClassIdentifier: 
  m_ReelParent: {fileID: 0}
  m_Animation: {fileID: 0}
  m_AnimationName: Nine
  m_Image: {fileID: 2446084303936553337}
  m_SymbolType: 12
  m_Highlight: {fileID: 1585316796542182959}
--- !u!95 &1068448803977462392
Animator:
  serializedVersion: 3
  m_ObjectHideFlags: 0
  m_CorrespondingSourceObject: {fileID: 0}
  m_PrefabInstance: {fileID: 0}
  m_PrefabAsset: {fileID: 0}
  m_GameObject: {fileID: 3754480515217808884}
  m_Enabled: 1
  m_Avatar: {fileID: 0}
  m_Controller: {fileID: 9100000, guid: 054c6f3b1a9e7fa4ab1599fae2277c00, type: 2}
  m_CullingMode: 0
  m_UpdateMode: 0
  m_ApplyRootMotion: 0
  m_LinearVelocityBlending: 0
  m_WarningMessage: 
  m_HasTransformHierarchy: 1
  m_AllowConstantClipSamplingOptimization: 1
  m_KeepAnimatorControllerStateOnDisable: 0
--- !u!1001 &8878039565802065481
PrefabInstance:
  m_ObjectHideFlags: 0
  serializedVersion: 2
  m_Modification:
    m_TransformParent: {fileID: 8607940883821826896}
    m_Modifications:
    - target: {fileID: 1177848641698876185, guid: 5b45af1ca19fd3442af7b280485efa83, type: 3}
      propertyPath: m_LocalPosition.x
      value: 0
      objectReference: {fileID: 0}
    - target: {fileID: 1177848641698876185, guid: 5b45af1ca19fd3442af7b280485efa83, type: 3}
      propertyPath: m_LocalPosition.y
      value: 0
      objectReference: {fileID: 0}
    - target: {fileID: 1177848641698876185, guid: 5b45af1ca19fd3442af7b280485efa83, type: 3}
      propertyPath: m_LocalPosition.z
      value: 0
      objectReference: {fileID: 0}
    - target: {fileID: 1177848641698876185, guid: 5b45af1ca19fd3442af7b280485efa83, type: 3}
      propertyPath: m_LocalRotation.x
      value: 0
      objectReference: {fileID: 0}
    - target: {fileID: 1177848641698876185, guid: 5b45af1ca19fd3442af7b280485efa83, type: 3}
      propertyPath: m_LocalRotation.y
      value: 0
      objectReference: {fileID: 0}
    - target: {fileID: 1177848641698876185, guid: 5b45af1ca19fd3442af7b280485efa83, type: 3}
      propertyPath: m_LocalRotation.z
      value: 0
      objectReference: {fileID: 0}
    - target: {fileID: 1177848641698876185, guid: 5b45af1ca19fd3442af7b280485efa83, type: 3}
      propertyPath: m_LocalRotation.w
      value: 1
      objectReference: {fileID: 0}
    - target: {fileID: 1177848641698876185, guid: 5b45af1ca19fd3442af7b280485efa83, type: 3}
      propertyPath: m_RootOrder
      value: 0
      objectReference: {fileID: 0}
    - target: {fileID: 1177848641698876185, guid: 5b45af1ca19fd3442af7b280485efa83, type: 3}
      propertyPath: m_LocalEulerAnglesHint.x
      value: 0
      objectReference: {fileID: 0}
    - target: {fileID: 1177848641698876185, guid: 5b45af1ca19fd3442af7b280485efa83, type: 3}
      propertyPath: m_LocalEulerAnglesHint.y
      value: 0
      objectReference: {fileID: 0}
    - target: {fileID: 1177848641698876185, guid: 5b45af1ca19fd3442af7b280485efa83, type: 3}
      propertyPath: m_LocalEulerAnglesHint.z
      value: 0
      objectReference: {fileID: 0}
    - target: {fileID: 1177848641698876185, guid: 5b45af1ca19fd3442af7b280485efa83, type: 3}
      propertyPath: m_AnchoredPosition.x
      value: 0
      objectReference: {fileID: 0}
    - target: {fileID: 1177848641698876185, guid: 5b45af1ca19fd3442af7b280485efa83, type: 3}
      propertyPath: m_AnchoredPosition.y
      value: 0
      objectReference: {fileID: 0}
    - target: {fileID: 1177848641698876185, guid: 5b45af1ca19fd3442af7b280485efa83, type: 3}
      propertyPath: m_SizeDelta.x
      value: 233
      objectReference: {fileID: 0}
    - target: {fileID: 1177848641698876185, guid: 5b45af1ca19fd3442af7b280485efa83, type: 3}
      propertyPath: m_SizeDelta.y
      value: 182
      objectReference: {fileID: 0}
    - target: {fileID: 1177848641698876185, guid: 5b45af1ca19fd3442af7b280485efa83, type: 3}
      propertyPath: m_AnchorMin.x
      value: 0.5
      objectReference: {fileID: 0}
    - target: {fileID: 1177848641698876185, guid: 5b45af1ca19fd3442af7b280485efa83, type: 3}
      propertyPath: m_AnchorMin.y
      value: 0.5
      objectReference: {fileID: 0}
    - target: {fileID: 1177848641698876185, guid: 5b45af1ca19fd3442af7b280485efa83, type: 3}
      propertyPath: m_AnchorMax.x
      value: 0.5
      objectReference: {fileID: 0}
    - target: {fileID: 1177848641698876185, guid: 5b45af1ca19fd3442af7b280485efa83, type: 3}
      propertyPath: m_AnchorMax.y
      value: 0.5
      objectReference: {fileID: 0}
    - target: {fileID: 1177848641698876185, guid: 5b45af1ca19fd3442af7b280485efa83, type: 3}
      propertyPath: m_Pivot.x
      value: 0.5
      objectReference: {fileID: 0}
    - target: {fileID: 1177848641698876185, guid: 5b45af1ca19fd3442af7b280485efa83, type: 3}
      propertyPath: m_Pivot.y
      value: 0.5
      objectReference: {fileID: 0}
    - target: {fileID: 7869209978629105766, guid: 5b45af1ca19fd3442af7b280485efa83, type: 3}
      propertyPath: m_Name
      value: Highlight
      objectReference: {fileID: 0}
    - target: {fileID: 7869209978629105766, guid: 5b45af1ca19fd3442af7b280485efa83, type: 3}
      propertyPath: m_IsActive
      value: 0
      objectReference: {fileID: 0}
    m_RemovedComponents: []
  m_SourcePrefab: {fileID: 100100000, guid: 5b45af1ca19fd3442af7b280485efa83, type: 3}
--- !u!1 &1585316796542182959 stripped
GameObject:
  m_CorrespondingSourceObject: {fileID: 7869209978629105766, guid: 5b45af1ca19fd3442af7b280485efa83, type: 3}
  m_PrefabInstance: {fileID: 8878039565802065481}
  m_PrefabAsset: {fileID: 0}
--- !u!224 &7741035659445241168 stripped
RectTransform:
  m_CorrespondingSourceObject: {fileID: 1177848641698876185, guid: 5b45af1ca19fd3442af7b280485efa83, type: 3}
  m_PrefabInstance: {fileID: 8878039565802065481}
  m_PrefabAsset: {fileID: 0}
