%YAML 1.1
%TAG !u! tag:unity3d.com,2011:
--- !u!1 &1387855574004310395
GameObject:
  m_ObjectHideFlags: 0
  m_CorrespondingSourceObject: {fileID: 0}
  m_PrefabInstance: {fileID: 0}
  m_PrefabAsset: {fileID: 0}
  serializedVersion: 6
  m_Component:
  - component: {fileID: 4389142293111738173}
  - component: {fileID: 3994418759203516509}
  - component: {fileID: 5515069712446058597}
  m_Layer: 5
  m_Name: Symbol
  m_TagString: Untagged
  m_Icon: {fileID: 0}
  m_NavMeshLayer: 0
  m_StaticEditorFlags: 0
  m_IsActive: 1
--- !u!224 &4389142293111738173
RectTransform:
  m_ObjectHideFlags: 0
  m_CorrespondingSourceObject: {fileID: 0}
  m_PrefabInstance: {fileID: 0}
  m_PrefabAsset: {fileID: 0}
  m_GameObject: {fileID: 1387855574004310395}
  m_LocalRotation: {x: -0, y: -0, z: -0, w: 1}
  m_LocalPosition: {x: 0, y: 0, z: 0}
  m_LocalScale: {x: 0.9999381, y: 0.9999381, z: 0.9999381}
  m_Children: []
  m_Father: {fileID: 9159058053696927942}
  m_RootOrder: 1
  m_LocalEulerAnglesHint: {x: 0, y: 0, z: 0}
  m_AnchorMin: {x: 0.5, y: 0.5}
  m_AnchorMax: {x: 0.5, y: 0.5}
  m_AnchoredPosition: {x: 0, y: 0}
  m_SizeDelta: {x: 150, y: 150}
  m_Pivot: {x: 0.5, y: 0.5}
--- !u!222 &3994418759203516509
CanvasRenderer:
  m_ObjectHideFlags: 0
  m_CorrespondingSourceObject: {fileID: 0}
  m_PrefabInstance: {fileID: 0}
  m_PrefabAsset: {fileID: 0}
  m_GameObject: {fileID: 1387855574004310395}
  m_CullTransparentMesh: 0
--- !u!114 &5515069712446058597
MonoBehaviour:
  m_ObjectHideFlags: 0
  m_CorrespondingSourceObject: {fileID: 0}
  m_PrefabInstance: {fileID: 0}
  m_PrefabAsset: {fileID: 0}
  m_GameObject: {fileID: 1387855574004310395}
  m_Enabled: 1
  m_EditorHideFlags: 0
  m_Script: {fileID: 11500000, guid: 0162a838dc3213a47a61b004398b96ae, type: 3}
  m_Name: 
  m_EditorClassIdentifier: 
  m_Material: {fileID: 0}
  m_Color: {r: 1, g: 1, b: 1, a: 1}
  m_RaycastTarget: 1
  m_RaycastPadding: {x: 0, y: 0, z: 0, w: 0}
  m_Maskable: 1
  m_OnCullStateChanged:
    m_PersistentCalls:
      m_Calls: []
  m_Sprite: {fileID: 1984276288718787960, guid: dc9c76a91368839429c2dfb1c38e75ce, type: 3}
  m_Type: 0
  m_PreserveAspect: 0
  m_FillCenter: 1
  m_FillMethod: 4
  m_FillAmount: 1
  m_FillClockwise: 1
  m_FillOrigin: 0
  m_UseSpriteMesh: 0
  m_PixelsPerUnitMultiplier: 1
--- !u!1 &3826737472162314595
GameObject:
  m_ObjectHideFlags: 0
  m_CorrespondingSourceObject: {fileID: 0}
  m_PrefabInstance: {fileID: 0}
  m_PrefabAsset: {fileID: 0}
  serializedVersion: 6
  m_Component:
  - component: {fileID: 9159058053696927942}
  - component: {fileID: 8953069530498166609}
  - component: {fileID: 8503025792618516128}
  - component: {fileID: 4447323122618823350}
  m_Layer: 5
  m_Name: Queen
  m_TagString: Untagged
  m_Icon: {fileID: 0}
  m_NavMeshLayer: 0
  m_StaticEditorFlags: 0
  m_IsActive: 1
--- !u!224 &9159058053696927942
RectTransform:
  m_ObjectHideFlags: 0
  m_CorrespondingSourceObject: {fileID: 0}
  m_PrefabInstance: {fileID: 0}
  m_PrefabAsset: {fileID: 0}
  m_GameObject: {fileID: 3826737472162314595}
  m_LocalRotation: {x: 0, y: 0, z: 0, w: 1}
  m_LocalPosition: {x: 0, y: 0, z: 0}
  m_LocalScale: {x: 1, y: 1, z: 1}
  m_Children:
  - {fileID: 7674669828162645422}
  - {fileID: 4389142293111738173}
  m_Father: {fileID: 0}
  m_RootOrder: 0
  m_LocalEulerAnglesHint: {x: 0, y: 0, z: 0}
  m_AnchorMin: {x: 0, y: 0}
  m_AnchorMax: {x: 0, y: 0}
  m_AnchoredPosition: {x: 0, y: 0}
  m_SizeDelta: {x: 150, y: 150}
  m_Pivot: {x: 0.5, y: 0.5}
--- !u!222 &8953069530498166609
CanvasRenderer:
  m_ObjectHideFlags: 0
  m_CorrespondingSourceObject: {fileID: 0}
  m_PrefabInstance: {fileID: 0}
  m_PrefabAsset: {fileID: 0}
  m_GameObject: {fileID: 3826737472162314595}
  m_CullTransparentMesh: 0
--- !u!114 &8503025792618516128
MonoBehaviour:
  m_ObjectHideFlags: 0
  m_CorrespondingSourceObject: {fileID: 0}
  m_PrefabInstance: {fileID: 0}
  m_PrefabAsset: {fileID: 0}
  m_GameObject: {fileID: 3826737472162314595}
  m_Enabled: 1
  m_EditorHideFlags: 0
  m_Script: {fileID: 11500000, guid: 3c66e9e2c1bc6a9458400cac0d0bfa02, type: 3}
  m_Name: 
  m_EditorClassIdentifier: 
  m_ReelParent: {fileID: 0}
  m_Animation: {fileID: 0}
  m_AnimationName: Queen
  m_Image: {fileID: 5515069712446058597}
  m_SymbolType: 8
  m_Highlight: {fileID: 1723863099054493393}
--- !u!95 &4447323122618823350
Animator:
  serializedVersion: 3
  m_ObjectHideFlags: 0
  m_CorrespondingSourceObject: {fileID: 0}
  m_PrefabInstance: {fileID: 0}
  m_PrefabAsset: {fileID: 0}
  m_GameObject: {fileID: 3826737472162314595}
  m_Enabled: 1
  m_Avatar: {fileID: 0}
  m_Controller: {fileID: 9100000, guid: ac52ca0629b0cc84dbf7178a9874de1f, type: 2}
  m_CullingMode: 0
  m_UpdateMode: 0
  m_ApplyRootMotion: 0
  m_LinearVelocityBlending: 0
  m_WarningMessage: 
  m_HasTransformHierarchy: 1
  m_AllowConstantClipSamplingOptimization: 1
  m_KeepAnimatorControllerStateOnDisable: 0
--- !u!1001 &8852221521862174391
PrefabInstance:
  m_ObjectHideFlags: 0
  serializedVersion: 2
  m_Modification:
    m_TransformParent: {fileID: 9159058053696927942}
    m_Modifications:
    - target: {fileID: 1177848641698876185, guid: 5b45af1ca19fd3442af7b280485efa83, type: 3}
      propertyPath: m_LocalPosition.x
      value: 0
      objectReference: {fileID: 0}
    - target: {fileID: 1177848641698876185, guid: 5b45af1ca19fd3442af7b280485efa83, type: 3}
      propertyPath: m_LocalPosition.y
      value: 0
      objectReference: {fileID: 0}
    - target: {fileID: 1177848641698876185, guid: 5b45af1ca19fd3442af7b280485efa83, type: 3}
      propertyPath: m_LocalPosition.z
      value: 0
      objectReference: {fileID: 0}
    - target: {fileID: 1177848641698876185, guid: 5b45af1ca19fd3442af7b280485efa83, type: 3}
      propertyPath: m_LocalRotation.x
      value: 0
      objectReference: {fileID: 0}
    - target: {fileID: 1177848641698876185, guid: 5b45af1ca19fd3442af7b280485efa83, type: 3}
      propertyPath: m_LocalRotation.y
      value: 0
      objectReference: {fileID: 0}
    - target: {fileID: 1177848641698876185, guid: 5b45af1ca19fd3442af7b280485efa83, type: 3}
      propertyPath: m_LocalRotation.z
      value: 0
      objectReference: {fileID: 0}
    - target: {fileID: 1177848641698876185, guid: 5b45af1ca19fd3442af7b280485efa83, type: 3}
      propertyPath: m_LocalRotation.w
      value: 1
      objectReference: {fileID: 0}
    - target: {fileID: 1177848641698876185, guid: 5b45af1ca19fd3442af7b280485efa83, type: 3}
      propertyPath: m_RootOrder
      value: 0
      objectReference: {fileID: 0}
    - target: {fileID: 1177848641698876185, guid: 5b45af1ca19fd3442af7b280485efa83, type: 3}
      propertyPath: m_LocalEulerAnglesHint.x
      value: 0
      objectReference: {fileID: 0}
    - target: {fileID: 1177848641698876185, guid: 5b45af1ca19fd3442af7b280485efa83, type: 3}
      propertyPath: m_LocalEulerAnglesHint.y
      value: 0
      objectReference: {fileID: 0}
    - target: {fileID: 1177848641698876185, guid: 5b45af1ca19fd3442af7b280485efa83, type: 3}
      propertyPath: m_LocalEulerAnglesHint.z
      value: 0
      objectReference: {fileID: 0}
    - target: {fileID: 1177848641698876185, guid: 5b45af1ca19fd3442af7b280485efa83, type: 3}
      propertyPath: m_AnchoredPosition.x
      value: 0
      objectReference: {fileID: 0}
    - target: {fileID: 1177848641698876185, guid: 5b45af1ca19fd3442af7b280485efa83, type: 3}
      propertyPath: m_AnchoredPosition.y
      value: 0
      objectReference: {fileID: 0}
    - target: {fileID: 1177848641698876185, guid: 5b45af1ca19fd3442af7b280485efa83, type: 3}
      propertyPath: m_SizeDelta.x
      value: 233
      objectReference: {fileID: 0}
    - target: {fileID: 1177848641698876185, guid: 5b45af1ca19fd3442af7b280485efa83, type: 3}
      propertyPath: m_SizeDelta.y
      value: 182
      objectReference: {fileID: 0}
    - target: {fileID: 1177848641698876185, guid: 5b45af1ca19fd3442af7b280485efa83, type: 3}
      propertyPath: m_AnchorMin.x
      value: 0.5
      objectReference: {fileID: 0}
    - target: {fileID: 1177848641698876185, guid: 5b45af1ca19fd3442af7b280485efa83, type: 3}
      propertyPath: m_AnchorMin.y
      value: 0.5
      objectReference: {fileID: 0}
    - target: {fileID: 1177848641698876185, guid: 5b45af1ca19fd3442af7b280485efa83, type: 3}
      propertyPath: m_AnchorMax.x
      value: 0.5
      objectReference: {fileID: 0}
    - target: {fileID: 1177848641698876185, guid: 5b45af1ca19fd3442af7b280485efa83, type: 3}
      propertyPath: m_AnchorMax.y
      value: 0.5
      objectReference: {fileID: 0}
    - target: {fileID: 1177848641698876185, guid: 5b45af1ca19fd3442af7b280485efa83, type: 3}
      propertyPath: m_Pivot.x
      value: 0.5
      objectReference: {fileID: 0}
    - target: {fileID: 1177848641698876185, guid: 5b45af1ca19fd3442af7b280485efa83, type: 3}
      propertyPath: m_Pivot.y
      value: 0.5
      objectReference: {fileID: 0}
    - target: {fileID: 7869209978629105766, guid: 5b45af1ca19fd3442af7b280485efa83, type: 3}
      propertyPath: m_Name
      value: Highlight
      objectReference: {fileID: 0}
    - target: {fileID: 7869209978629105766, guid: 5b45af1ca19fd3442af7b280485efa83, type: 3}
      propertyPath: m_IsActive
      value: 0
      objectReference: {fileID: 0}
    m_RemovedComponents: []
  m_SourcePrefab: {fileID: 100100000, guid: 5b45af1ca19fd3442af7b280485efa83, type: 3}
--- !u!1 &1723863099054493393 stripped
GameObject:
  m_CorrespondingSourceObject: {fileID: 7869209978629105766, guid: 5b45af1ca19fd3442af7b280485efa83, type: 3}
  m_PrefabInstance: {fileID: 8852221521862174391}
  m_PrefabAsset: {fileID: 0}
--- !u!224 &7674669828162645422 stripped
RectTransform:
  m_CorrespondingSourceObject: {fileID: 1177848641698876185, guid: 5b45af1ca19fd3442af7b280485efa83, type: 3}
  m_PrefabInstance: {fileID: 8852221521862174391}
  m_PrefabAsset: {fileID: 0}
