%YAML 1.1
%TAG !u! tag:unity3d.com,2011:
--- !u!29 &1
OcclusionCullingSettings:
  m_ObjectHideFlags: 0
  serializedVersion: 2
  m_OcclusionBakeSettings:
    smallestOccluder: 5
    smallestHole: 0.25
    backfaceThreshold: 100
  m_SceneGUID: 00000000000000000000000000000000
  m_OcclusionCullingData: {fileID: 0}
--- !u!104 &2
RenderSettings:
  m_ObjectHideFlags: 0
  serializedVersion: 9
  m_Fog: 0
  m_FogColor: {r: 0.5, g: 0.5, b: 0.5, a: 1}
  m_FogMode: 3
  m_FogDensity: 0.01
  m_LinearFogStart: 0
  m_LinearFogEnd: 300
  m_AmbientSkyColor: {r: 0.212, g: 0.227, b: 0.259, a: 1}
  m_AmbientEquatorColor: {r: 0.114, g: 0.125, b: 0.133, a: 1}
  m_AmbientGroundColor: {r: 0.047, g: 0.043, b: 0.035, a: 1}
  m_AmbientIntensity: 1
  m_AmbientMode: 0
  m_SubtractiveShadowColor: {r: 0.42, g: 0.478, b: 0.627, a: 1}
  m_SkyboxMaterial: {fileID: 10304, guid: 0000000000000000f000000000000000, type: 0}
  m_HaloStrength: 0.5
  m_FlareStrength: 1
  m_FlareFadeSpeed: 3
  m_HaloTexture: {fileID: 0}
  m_SpotCookie: {fileID: 10001, guid: 0000000000000000e000000000000000, type: 0}
  m_DefaultReflectionMode: 0
  m_DefaultReflectionResolution: 128
  m_ReflectionBounces: 1
  m_ReflectionIntensity: 1
  m_CustomReflection: {fileID: 0}
  m_Sun: {fileID: 0}
  m_IndirectSpecularColor: {r: 0, g: 0, b: 0, a: 1}
  m_UseRadianceAmbientProbe: 0
--- !u!157 &3
LightmapSettings:
  m_ObjectHideFlags: 0
  serializedVersion: 12
  m_GIWorkflowMode: 1
  m_GISettings:
    serializedVersion: 2
    m_BounceScale: 1
    m_IndirectOutputScale: 1
    m_AlbedoBoost: 1
    m_EnvironmentLightingMode: 0
    m_EnableBakedLightmaps: 1
    m_EnableRealtimeLightmaps: 0
  m_LightmapEditorSettings:
    serializedVersion: 12
    m_Resolution: 2
    m_BakeResolution: 40
    m_AtlasSize: 1024
    m_AO: 0
    m_AOMaxDistance: 1
    m_CompAOExponent: 1
    m_CompAOExponentDirect: 0
    m_ExtractAmbientOcclusion: 0
    m_Padding: 2
    m_LightmapParameters: {fileID: 0}
    m_LightmapsBakeMode: 1
    m_TextureCompression: 1
    m_FinalGather: 0
    m_FinalGatherFiltering: 1
    m_FinalGatherRayCount: 256
    m_ReflectionCompression: 2
    m_MixedBakeMode: 2
    m_BakeBackend: 1
    m_PVRSampling: 1
    m_PVRDirectSampleCount: 32
    m_PVRSampleCount: 512
    m_PVRBounces: 2
    m_PVREnvironmentSampleCount: 256
    m_PVREnvironmentReferencePointCount: 2048
    m_PVRFilteringMode: 1
    m_PVRDenoiserTypeDirect: 1
    m_PVRDenoiserTypeIndirect: 1
    m_PVRDenoiserTypeAO: 1
    m_PVRFilterTypeDirect: 0
    m_PVRFilterTypeIndirect: 0
    m_PVRFilterTypeAO: 0
    m_PVREnvironmentMIS: 1
    m_PVRCulling: 1
    m_PVRFilteringGaussRadiusDirect: 1
    m_PVRFilteringGaussRadiusIndirect: 5
    m_PVRFilteringGaussRadiusAO: 2
    m_PVRFilteringAtrousPositionSigmaDirect: 0.5
    m_PVRFilteringAtrousPositionSigmaIndirect: 2
    m_PVRFilteringAtrousPositionSigmaAO: 1
    m_ExportTrainingData: 0
    m_TrainingDataDestination: TrainingData
    m_LightProbeSampleCountMultiplier: 4
  m_LightingDataAsset: {fileID: 0}
  m_LightingSettings: {fileID: 0}
--- !u!196 &4
NavMeshSettings:
  serializedVersion: 2
  m_ObjectHideFlags: 0
  m_BuildSettings:
    serializedVersion: 2
    agentTypeID: 0
    agentRadius: 0.5
    agentHeight: 2
    agentSlope: 45
    agentClimb: 0.4
    ledgeDropHeight: 0
    maxJumpAcrossDistance: 0
    minRegionArea: 2
    manualCellSize: 0
    cellSize: 0.16666667
    manualTileSize: 0
    tileSize: 256
    accuratePlacement: 0
    maxJobWorkers: 0
    preserveTilesOutsideBounds: 0
    debug:
      m_Flags: 0
  m_NavMeshData: {fileID: 0}
--- !u!1 &26544965
GameObject:
  m_ObjectHideFlags: 0
  m_CorrespondingSourceObject: {fileID: 0}
  m_PrefabInstance: {fileID: 0}
  m_PrefabAsset: {fileID: 0}
  serializedVersion: 6
  m_Component:
  - component: {fileID: 26544968}
  - component: {fileID: 26544966}
  - component: {fileID: 26544967}
  m_Layer: 0
  m_Name: Main Camera
  m_TagString: MainCamera
  m_Icon: {fileID: 0}
  m_NavMeshLayer: 0
  m_StaticEditorFlags: 0
  m_IsActive: 1
--- !u!20 &26544966
Camera:
  m_ObjectHideFlags: 0
  m_CorrespondingSourceObject: {fileID: 0}
  m_PrefabInstance: {fileID: 0}
  m_PrefabAsset: {fileID: 0}
  m_GameObject: {fileID: 26544965}
  m_Enabled: 1
  serializedVersion: 2
  m_ClearFlags: 1
  m_BackGroundColor: {r: 0.19215687, g: 0.3019608, b: 0.4745098, a: 0}
  m_projectionMatrixMode: 1
  m_GateFitMode: 2
  m_FOVAxisMode: 0
  m_SensorSize: {x: 36, y: 24}
  m_LensShift: {x: 0, y: 0}
  m_FocalLength: 50
  m_NormalizedViewPortRect:
    serializedVersion: 2
    x: 0
    y: 0
    width: 1
    height: 1
  near clip plane: 0.3
  far clip plane: 1000
  field of view: 60
  orthographic: 0
  orthographic size: 5
  m_Depth: -1
  m_CullingMask:
    serializedVersion: 2
    m_Bits: 4294967295
  m_RenderingPath: -1
  m_TargetTexture: {fileID: 0}
  m_TargetDisplay: 0
  m_TargetEye: 3
  m_HDR: 1
  m_AllowMSAA: 1
  m_AllowDynamicResolution: 0
  m_ForceIntoRT: 0
  m_OcclusionCulling: 1
  m_StereoConvergence: 10
  m_StereoSeparation: 0.022
--- !u!81 &26544967
AudioListener:
  m_ObjectHideFlags: 0
  m_CorrespondingSourceObject: {fileID: 0}
  m_PrefabInstance: {fileID: 0}
  m_PrefabAsset: {fileID: 0}
  m_GameObject: {fileID: 26544965}
  m_Enabled: 1
--- !u!4 &26544968
Transform:
  m_ObjectHideFlags: 0
  m_CorrespondingSourceObject: {fileID: 0}
  m_PrefabInstance: {fileID: 0}
  m_PrefabAsset: {fileID: 0}
  m_GameObject: {fileID: 26544965}
  m_LocalRotation: {x: 0, y: 0, z: 0, w: 1}
  m_LocalPosition: {x: 0, y: 1, z: -10}
  m_LocalScale: {x: 1, y: 1, z: 1}
  m_Children: []
  m_Father: {fileID: 0}
  m_RootOrder: 0
  m_LocalEulerAnglesHint: {x: 0, y: 0, z: 0}
--- !u!224 &179322983 stripped
RectTransform:
  m_CorrespondingSourceObject: {fileID: 537139791254284029, guid: c7ecabb7db46119469932d7257285684, type: 3}
  m_PrefabInstance: {fileID: 537139791427282586}
  m_PrefabAsset: {fileID: 0}
--- !u!1 &1035357504
GameObject:
  m_ObjectHideFlags: 0
  m_CorrespondingSourceObject: {fileID: 0}
  m_PrefabInstance: {fileID: 0}
  m_PrefabAsset: {fileID: 0}
  serializedVersion: 6
  m_Component:
  - component: {fileID: 1035357507}
  - component: {fileID: 1035357506}
  - component: {fileID: 1035357505}
  m_Layer: 0
  m_Name: EventSystem
  m_TagString: Untagged
  m_Icon: {fileID: 0}
  m_NavMeshLayer: 0
  m_StaticEditorFlags: 0
  m_IsActive: 1
--- !u!114 &1035357505
MonoBehaviour:
  m_ObjectHideFlags: 0
  m_CorrespondingSourceObject: {fileID: 0}
  m_PrefabInstance: {fileID: 0}
  m_PrefabAsset: {fileID: 0}
  m_GameObject: {fileID: 1035357504}
  m_Enabled: 1
  m_EditorHideFlags: 0
  m_Script: {fileID: 11500000, guid: 4f231c4fb786f3946a6b90b886c48677, type: 3}
  m_Name: 
  m_EditorClassIdentifier: 
  m_HorizontalAxis: Horizontal
  m_VerticalAxis: Vertical
  m_SubmitButton: Submit
  m_CancelButton: Cancel
  m_InputActionsPerSecond: 10
  m_RepeatDelay: 0.5
  m_ForceModuleActive: 0
--- !u!114 &1035357506
MonoBehaviour:
  m_ObjectHideFlags: 0
  m_CorrespondingSourceObject: {fileID: 0}
  m_PrefabInstance: {fileID: 0}
  m_PrefabAsset: {fileID: 0}
  m_GameObject: {fileID: 1035357504}
  m_Enabled: 1
  m_EditorHideFlags: 0
  m_Script: {fileID: 11500000, guid: 76c392e42b5098c458856cdf6ecaaaa1, type: 3}
  m_Name: 
  m_EditorClassIdentifier: 
  m_FirstSelected: {fileID: 0}
  m_sendNavigationEvents: 1
  m_DragThreshold: 10
--- !u!4 &1035357507
Transform:
  m_ObjectHideFlags: 0
  m_CorrespondingSourceObject: {fileID: 0}
  m_PrefabInstance: {fileID: 0}
  m_PrefabAsset: {fileID: 0}
  m_GameObject: {fileID: 1035357504}
  m_LocalRotation: {x: 0, y: 0, z: 0, w: 1}
  m_LocalPosition: {x: 0, y: 0, z: 0}
  m_LocalScale: {x: 1, y: 1, z: 1}
  m_Children: []
  m_Father: {fileID: 0}
  m_RootOrder: 3
  m_LocalEulerAnglesHint: {x: 0, y: 0, z: 0}
--- !u!224 &1328906228 stripped
RectTransform:
  m_CorrespondingSourceObject: {fileID: 4993726146529144227, guid: 0387bf841dd846240a06eb6b7f523ed0, type: 3}
  m_PrefabInstance: {fileID: 4993726145267913303}
  m_PrefabAsset: {fileID: 0}
--- !u!224 &1356673411 stripped
RectTransform:
  m_CorrespondingSourceObject: {fileID: 8155967566821158176, guid: df38a7a2d0a8a7342b95190d58ff2026, type: 3}
  m_PrefabInstance: {fileID: 8155967567612501155}
  m_PrefabAsset: {fileID: 0}
--- !u!1 &1500582716
GameObject:
  m_ObjectHideFlags: 0
  m_CorrespondingSourceObject: {fileID: 0}
  m_PrefabInstance: {fileID: 0}
  m_PrefabAsset: {fileID: 0}
  serializedVersion: 6
  m_Component:
  - component: {fileID: 1500582720}
  - component: {fileID: 1500582719}
  - component: {fileID: 1500582718}
  - component: {fileID: 1500582717}
  m_Layer: 5
  m_Name: Canvas
  m_TagString: Untagged
  m_Icon: {fileID: 0}
  m_NavMeshLayer: 0
  m_StaticEditorFlags: 0
  m_IsActive: 1
--- !u!114 &1500582717
MonoBehaviour:
  m_ObjectHideFlags: 0
  m_CorrespondingSourceObject: {fileID: 0}
  m_PrefabInstance: {fileID: 0}
  m_PrefabAsset: {fileID: 0}
  m_GameObject: {fileID: 1500582716}
  m_Enabled: 1
  m_EditorHideFlags: 0
  m_Script: {fileID: 11500000, guid: dc42784cf147c0c48a680349fa168899, type: 3}
  m_Name: 
  m_EditorClassIdentifier: 
  m_IgnoreReversedGraphics: 1
  m_BlockingObjects: 0
  m_BlockingMask:
    serializedVersion: 2
    m_Bits: 4294967295
--- !u!114 &1500582718
MonoBehaviour:
  m_ObjectHideFlags: 0
  m_CorrespondingSourceObject: {fileID: 0}
  m_PrefabInstance: {fileID: 0}
  m_PrefabAsset: {fileID: 0}
  m_GameObject: {fileID: 1500582716}
  m_Enabled: 1
  m_EditorHideFlags: 0
  m_Script: {fileID: 11500000, guid: 0cd44c1031e13a943bb63640046fad76, type: 3}
  m_Name: 
  m_EditorClassIdentifier: 
  m_UiScaleMode: 1
  m_ReferencePixelsPerUnit: 100
  m_ScaleFactor: 1
  m_ReferenceResolution: {x: 1600, y: 900}
  m_ScreenMatchMode: 0
  m_MatchWidthOrHeight: 0
  m_PhysicalUnit: 3
  m_FallbackScreenDPI: 96
  m_DefaultSpriteDPI: 96
  m_DynamicPixelsPerUnit: 1
--- !u!223 &1500582719
Canvas:
  m_ObjectHideFlags: 0
  m_CorrespondingSourceObject: {fileID: 0}
  m_PrefabInstance: {fileID: 0}
  m_PrefabAsset: {fileID: 0}
  m_GameObject: {fileID: 1500582716}
  m_Enabled: 1
  serializedVersion: 3
  m_RenderMode: 1
  m_Camera: {fileID: 26544966}
  m_PlaneDistance: 100
  m_PixelPerfect: 0
  m_ReceivesEvents: 1
  m_OverrideSorting: 0
  m_OverridePixelPerfect: 0
  m_SortingBucketNormalizedSize: 0
  m_AdditionalShaderChannelsFlag: 0
  m_SortingLayerID: 0
  m_SortingOrder: 0
  m_TargetDisplay: 0
--- !u!224 &1500582720
RectTransform:
  m_ObjectHideFlags: 0
  m_CorrespondingSourceObject: {fileID: 0}
  m_PrefabInstance: {fileID: 0}
  m_PrefabAsset: {fileID: 0}
  m_GameObject: {fileID: 1500582716}
  m_LocalRotation: {x: 0, y: 0, z: 0, w: 1}
  m_LocalPosition: {x: 0, y: 0, z: 0}
  m_LocalScale: {x: 0, y: 0, z: 0}
  m_Children:
  - {fileID: 179322983}
  - {fileID: 1912589762}
  - {fileID: 1328906228}
  - {fileID: 1630490258}
  - {fileID: 1356673411}
  m_Father: {fileID: 0}
  m_RootOrder: 2
  m_LocalEulerAnglesHint: {x: 0, y: 0, z: 0}
  m_AnchorMin: {x: 0, y: 0}
  m_AnchorMax: {x: 0, y: 0}
  m_AnchoredPosition: {x: 0, y: 0}
  m_SizeDelta: {x: 0, y: 0}
  m_Pivot: {x: 0, y: 0}
--- !u!224 &1630490258 stripped
RectTransform:
  m_CorrespondingSourceObject: {fileID: 7404577531269069709, guid: 6747a3500dd02704aa97a27daa475380, type: 3}
  m_PrefabInstance: {fileID: 7404577532861674783}
  m_PrefabAsset: {fileID: 0}
--- !u!224 &1912589762 stripped
RectTransform:
  m_CorrespondingSourceObject: {fileID: 8577829667018975533, guid: 2ce5645f733598d4a9163b815860af69, type: 3}
  m_PrefabInstance: {fileID: 2713303162705421957}
  m_PrefabAsset: {fileID: 0}
--- !u!1 &2059739946
GameObject:
  m_ObjectHideFlags: 0
  m_CorrespondingSourceObject: {fileID: 0}
  m_PrefabInstance: {fileID: 0}
  m_PrefabAsset: {fileID: 0}
  serializedVersion: 6
  m_Component:
  - component: {fileID: 2059739948}
  - component: {fileID: 2059739947}
  m_Layer: 0
  m_Name: Directional Light
  m_TagString: Untagged
  m_Icon: {fileID: 0}
  m_NavMeshLayer: 0
  m_StaticEditorFlags: 0
  m_IsActive: 1
--- !u!108 &2059739947
Light:
  m_ObjectHideFlags: 0
  m_CorrespondingSourceObject: {fileID: 0}
  m_PrefabInstance: {fileID: 0}
  m_PrefabAsset: {fileID: 0}
  m_GameObject: {fileID: 2059739946}
  m_Enabled: 1
  serializedVersion: 10
  m_Type: 1
  m_Shape: 0
  m_Color: {r: 1, g: 0.95686275, b: 0.8392157, a: 1}
  m_Intensity: 1
  m_Range: 10
  m_SpotAngle: 30
  m_InnerSpotAngle: 21.80208
  m_CookieSize: 10
  m_Shadows:
    m_Type: 2
    m_Resolution: -1
    m_CustomResolution: -1
    m_Strength: 1
    m_Bias: 0.05
    m_NormalBias: 0.4
    m_NearPlane: 0.2
    m_CullingMatrixOverride:
      e00: 1
      e01: 0
      e02: 0
      e03: 0
      e10: 0
      e11: 1
      e12: 0
      e13: 0
      e20: 0
      e21: 0
      e22: 1
      e23: 0
      e30: 0
      e31: 0
      e32: 0
      e33: 1
    m_UseCullingMatrixOverride: 0
  m_Cookie: {fileID: 0}
  m_DrawHalo: 0
  m_Flare: {fileID: 0}
  m_RenderMode: 0
  m_CullingMask:
    serializedVersion: 2
    m_Bits: 4294967295
  m_RenderingLayerMask: 1
  m_Lightmapping: 4
  m_LightShadowCasterMode: 0
  m_AreaSize: {x: 1, y: 1}
  m_BounceIntensity: 1
  m_ColorTemperature: 6570
  m_UseColorTemperature: 0
  m_BoundingSphereOverride: {x: 0, y: 0, z: 0, w: 0}
  m_UseBoundingSphereOverride: 0
  m_ShadowRadius: 0
  m_ShadowAngle: 0
--- !u!4 &2059739948
Transform:
  m_ObjectHideFlags: 0
  m_CorrespondingSourceObject: {fileID: 0}
  m_PrefabInstance: {fileID: 0}
  m_PrefabAsset: {fileID: 0}
  m_GameObject: {fileID: 2059739946}
  m_LocalRotation: {x: 0.40821788, y: -0.23456968, z: 0.10938163, w: 0.8754261}
  m_LocalPosition: {x: 0, y: 3, z: 0}
  m_LocalScale: {x: 1, y: 1, z: 1}
  m_Children: []
  m_Father: {fileID: 0}
  m_RootOrder: 1
  m_LocalEulerAnglesHint: {x: 50, y: -30, z: 0}
--- !u!1001 &537139791427282586
PrefabInstance:
  m_ObjectHideFlags: 0
  serializedVersion: 2
  m_Modification:
    m_TransformParent: {fileID: 1500582720}
    m_Modifications:
    - target: {fileID: 537139791254284028, guid: c7ecabb7db46119469932d7257285684, type: 3}
      propertyPath: m_Name
      value: black_dragon
      objectReference: {fileID: 0}
    - target: {fileID: 537139791254284029, guid: c7ecabb7db46119469932d7257285684, type: 3}
      propertyPath: m_LocalPosition.x
      value: 0
      objectReference: {fileID: 0}
    - target: {fileID: 537139791254284029, guid: c7ecabb7db46119469932d7257285684, type: 3}
      propertyPath: m_LocalPosition.y
      value: 0
      objectReference: {fileID: 0}
    - target: {fileID: 537139791254284029, guid: c7ecabb7db46119469932d7257285684, type: 3}
      propertyPath: m_LocalPosition.z
      value: 0
      objectReference: {fileID: 0}
    - target: {fileID: 537139791254284029, guid: c7ecabb7db46119469932d7257285684, type: 3}
      propertyPath: m_LocalRotation.x
      value: 0
      objectReference: {fileID: 0}
    - target: {fileID: 537139791254284029, guid: c7ecabb7db46119469932d7257285684, type: 3}
      propertyPath: m_LocalRotation.y
      value: 0
      objectReference: {fileID: 0}
    - target: {fileID: 537139791254284029, guid: c7ecabb7db46119469932d7257285684, type: 3}
      propertyPath: m_LocalRotation.z
      value: 0
      objectReference: {fileID: 0}
    - target: {fileID: 537139791254284029, guid: c7ecabb7db46119469932d7257285684, type: 3}
      propertyPath: m_LocalRotation.w
      value: 1
      objectReference: {fileID: 0}
    - target: {fileID: 537139791254284029, guid: c7ecabb7db46119469932d7257285684, type: 3}
      propertyPath: m_RootOrder
      value: 0
      objectReference: {fileID: 0}
    - target: {fileID: 537139791254284029, guid: c7ecabb7db46119469932d7257285684, type: 3}
      propertyPath: m_LocalEulerAnglesHint.x
      value: 0
      objectReference: {fileID: 0}
    - target: {fileID: 537139791254284029, guid: c7ecabb7db46119469932d7257285684, type: 3}
      propertyPath: m_LocalEulerAnglesHint.y
      value: 0
      objectReference: {fileID: 0}
    - target: {fileID: 537139791254284029, guid: c7ecabb7db46119469932d7257285684, type: 3}
      propertyPath: m_LocalEulerAnglesHint.z
      value: 0
      objectReference: {fileID: 0}
    - target: {fileID: 537139791254284029, guid: c7ecabb7db46119469932d7257285684, type: 3}
      propertyPath: m_AnchoredPosition.x
      value: 0
      objectReference: {fileID: 0}
    - target: {fileID: 537139791254284029, guid: c7ecabb7db46119469932d7257285684, type: 3}
      propertyPath: m_AnchoredPosition.y
      value: 0
      objectReference: {fileID: 0}
    - target: {fileID: 537139791254284029, guid: c7ecabb7db46119469932d7257285684, type: 3}
      propertyPath: m_SizeDelta.x
      value: 512
      objectReference: {fileID: 0}
    - target: {fileID: 537139791254284029, guid: c7ecabb7db46119469932d7257285684, type: 3}
      propertyPath: m_SizeDelta.y
      value: 512
      objectReference: {fileID: 0}
    - target: {fileID: 537139791254284029, guid: c7ecabb7db46119469932d7257285684, type: 3}
      propertyPath: m_AnchorMin.x
      value: 0.5
      objectReference: {fileID: 0}
    - target: {fileID: 537139791254284029, guid: c7ecabb7db46119469932d7257285684, type: 3}
      propertyPath: m_AnchorMin.y
      value: 0.5
      objectReference: {fileID: 0}
    - target: {fileID: 537139791254284029, guid: c7ecabb7db46119469932d7257285684, type: 3}
      propertyPath: m_AnchorMax.x
      value: 0.5
      objectReference: {fileID: 0}
    - target: {fileID: 537139791254284029, guid: c7ecabb7db46119469932d7257285684, type: 3}
      propertyPath: m_AnchorMax.y
      value: 0.5
      objectReference: {fileID: 0}
    - target: {fileID: 537139791254284029, guid: c7ecabb7db46119469932d7257285684, type: 3}
      propertyPath: m_Pivot.x
      value: 0.5
      objectReference: {fileID: 0}
    - target: {fileID: 537139791254284029, guid: c7ecabb7db46119469932d7257285684, type: 3}
      propertyPath: m_Pivot.y
      value: 0.5
      objectReference: {fileID: 0}
    m_RemovedComponents: []
  m_SourcePrefab: {fileID: 100100000, guid: c7ecabb7db46119469932d7257285684, type: 3}
--- !u!1001 &2713303162705421957
PrefabInstance:
  m_ObjectHideFlags: 0
  serializedVersion: 2
  m_Modification:
    m_TransformParent: {fileID: 1500582720}
    m_Modifications:
    - target: {fileID: 2713303163185870913, guid: 2ce5645f733598d4a9163b815860af69, type: 3}
      propertyPath: m_LocalPosition.x
      value: 0
      objectReference: {fileID: 0}
    - target: {fileID: 2713303163185870913, guid: 2ce5645f733598d4a9163b815860af69, type: 3}
      propertyPath: m_LocalPosition.y
      value: 0
      objectReference: {fileID: 0}
    - target: {fileID: 2713303163185870913, guid: 2ce5645f733598d4a9163b815860af69, type: 3}
      propertyPath: m_LocalPosition.z
      value: 0
      objectReference: {fileID: 0}
    - target: {fileID: 2713303163185870913, guid: 2ce5645f733598d4a9163b815860af69, type: 3}
      propertyPath: m_LocalRotation.x
      value: 0
      objectReference: {fileID: 0}
    - target: {fileID: 2713303163185870913, guid: 2ce5645f733598d4a9163b815860af69, type: 3}
      propertyPath: m_LocalRotation.y
      value: 0
      objectReference: {fileID: 0}
    - target: {fileID: 2713303163185870913, guid: 2ce5645f733598d4a9163b815860af69, type: 3}
      propertyPath: m_LocalRotation.z
      value: 0
      objectReference: {fileID: 0}
    - target: {fileID: 2713303163185870913, guid: 2ce5645f733598d4a9163b815860af69, type: 3}
      propertyPath: m_LocalRotation.w
      value: 1
      objectReference: {fileID: 0}
    - target: {fileID: 2713303163185870913, guid: 2ce5645f733598d4a9163b815860af69, type: 3}
      propertyPath: m_RootOrder
      value: 1
      objectReference: {fileID: 0}
    - target: {fileID: 2713303163185870913, guid: 2ce5645f733598d4a9163b815860af69, type: 3}
      propertyPath: m_LocalEulerAnglesHint.x
      value: 0
      objectReference: {fileID: 0}
    - target: {fileID: 2713303163185870913, guid: 2ce5645f733598d4a9163b815860af69, type: 3}
      propertyPath: m_LocalEulerAnglesHint.y
      value: 0
      objectReference: {fileID: 0}
    - target: {fileID: 2713303163185870913, guid: 2ce5645f733598d4a9163b815860af69, type: 3}
      propertyPath: m_LocalEulerAnglesHint.z
      value: 0
      objectReference: {fileID: 0}
    - target: {fileID: 2713303163185870913, guid: 2ce5645f733598d4a9163b815860af69, type: 3}
      propertyPath: m_AnchoredPosition.x
      value: 0
      objectReference: {fileID: 0}
    - target: {fileID: 2713303163185870913, guid: 2ce5645f733598d4a9163b815860af69, type: 3}
      propertyPath: m_AnchoredPosition.y
      value: 0
      objectReference: {fileID: 0}
    - target: {fileID: 2713303163185870913, guid: 2ce5645f733598d4a9163b815860af69, type: 3}
      propertyPath: m_SizeDelta.x
      value: 512
      objectReference: {fileID: 0}
    - target: {fileID: 2713303163185870913, guid: 2ce5645f733598d4a9163b815860af69, type: 3}
      propertyPath: m_SizeDelta.y
      value: 512
      objectReference: {fileID: 0}
    - target: {fileID: 2713303163185870913, guid: 2ce5645f733598d4a9163b815860af69, type: 3}
      propertyPath: m_AnchorMin.x
      value: 0.5
      objectReference: {fileID: 0}
    - target: {fileID: 2713303163185870913, guid: 2ce5645f733598d4a9163b815860af69, type: 3}
      propertyPath: m_AnchorMin.y
      value: 0.5
      objectReference: {fileID: 0}
    - target: {fileID: 2713303163185870913, guid: 2ce5645f733598d4a9163b815860af69, type: 3}
      propertyPath: m_AnchorMax.x
      value: 0.5
      objectReference: {fileID: 0}
    - target: {fileID: 2713303163185870913, guid: 2ce5645f733598d4a9163b815860af69, type: 3}
      propertyPath: m_AnchorMax.y
      value: 0.5
      objectReference: {fileID: 0}
    - target: {fileID: 2713303163185870913, guid: 2ce5645f733598d4a9163b815860af69, type: 3}
      propertyPath: m_Pivot.x
      value: 0.5
      objectReference: {fileID: 0}
    - target: {fileID: 2713303163185870913, guid: 2ce5645f733598d4a9163b815860af69, type: 3}
      propertyPath: m_Pivot.y
      value: 0.5
      objectReference: {fileID: 0}
    - target: {fileID: 2713303163185870918, guid: 2ce5645f733598d4a9163b815860af69, type: 3}
      propertyPath: m_Name
      value: green_dragon
      objectReference: {fileID: 0}
    - target: {fileID: 8577829667111370840, guid: 2ce5645f733598d4a9163b815860af69, type: 3}
      propertyPath: m_AnchoredPosition.x
      value: 228
      objectReference: {fileID: 0}
    - target: {fileID: 8577829667111370840, guid: 2ce5645f733598d4a9163b815860af69, type: 3}
      propertyPath: m_Pivot.x
      value: 0.95
      objectReference: {fileID: 0}
    - target: {fileID: 8577829667111370840, guid: 2ce5645f733598d4a9163b815860af69, type: 3}
      propertyPath: m_AnchoredPosition.y
      value: -65.79004
      objectReference: {fileID: 0}
    - target: {fileID: 8577829667111370840, guid: 2ce5645f733598d4a9163b815860af69, type: 3}
      propertyPath: m_Pivot.y
      value: 0.33
      objectReference: {fileID: 0}
    - target: {fileID: 8577829667111370840, guid: 2ce5645f733598d4a9163b815860af69, type: 3}
      propertyPath: m_SizeDelta.x
      value: 505
      objectReference: {fileID: 0}
    - target: {fileID: 8577829667111370840, guid: 2ce5645f733598d4a9163b815860af69, type: 3}
      propertyPath: m_SizeDelta.y
      value: 387
      objectReference: {fileID: 0}
    - target: {fileID: 8577829667111370843, guid: 2ce5645f733598d4a9163b815860af69, type: 3}
      propertyPath: m_Sprite
      value: 
      objectReference: {fileID: 876393495728965973, guid: 4bae8719e9ba42a449f3adba7e0de431, type: 3}
    - target: {fileID: 8577829667837514234, guid: 2ce5645f733598d4a9163b815860af69, type: 3}
      propertyPath: m_Sprite
      value: 
      objectReference: {fileID: 8346775152554920406, guid: 4bae8719e9ba42a449f3adba7e0de431, type: 3}
    - target: {fileID: 8577829667837514235, guid: 2ce5645f733598d4a9163b815860af69, type: 3}
      propertyPath: m_SizeDelta.x
      value: 217
      objectReference: {fileID: 0}
    - target: {fileID: 8577829667837514235, guid: 2ce5645f733598d4a9163b815860af69, type: 3}
      propertyPath: m_SizeDelta.y
      value: 143
      objectReference: {fileID: 0}
    - target: {fileID: 8577829667837514235, guid: 2ce5645f733598d4a9163b815860af69, type: 3}
      propertyPath: m_AnchoredPosition.y
      value: -138.5
      objectReference: {fileID: 0}
    - target: {fileID: 8577829667837514235, guid: 2ce5645f733598d4a9163b815860af69, type: 3}
      propertyPath: m_AnchoredPosition.x
      value: -22.8
      objectReference: {fileID: 0}
    - target: {fileID: 8577829668131994908, guid: 2ce5645f733598d4a9163b815860af69, type: 3}
      propertyPath: m_Sprite
      value: 
      objectReference: {fileID: -8891179417086595938, guid: 4bae8719e9ba42a449f3adba7e0de431, type: 3}
    - target: {fileID: 8577829668131994909, guid: 2ce5645f733598d4a9163b815860af69, type: 3}
      propertyPath: m_AnchoredPosition.y
      value: 13.9
      objectReference: {fileID: 0}
    - target: {fileID: 8577829668131994909, guid: 2ce5645f733598d4a9163b815860af69, type: 3}
      propertyPath: m_SizeDelta.y
      value: 348
      objectReference: {fileID: 0}
    - target: {fileID: 8577829668131994909, guid: 2ce5645f733598d4a9163b815860af69, type: 3}
      propertyPath: m_SizeDelta.x
      value: 389
      objectReference: {fileID: 0}
    - target: {fileID: 8577829668131994909, guid: 2ce5645f733598d4a9163b815860af69, type: 3}
      propertyPath: m_AnchoredPosition.x
      value: -100
      objectReference: {fileID: 0}
    - target: {fileID: 8577829668920185292, guid: 2ce5645f733598d4a9163b815860af69, type: 3}
      propertyPath: m_IsActive
      value: 1
      objectReference: {fileID: 0}
    - target: {fileID: 8577829668920185295, guid: 2ce5645f733598d4a9163b815860af69, type: 3}
      propertyPath: m_Controller
      value: 
      objectReference: {fileID: 9100000, guid: 31ae092d82ce8cb4aa949e2133d0cd38, type: 2}
    m_RemovedComponents: []
  m_SourcePrefab: {fileID: 100100000, guid: 2ce5645f733598d4a9163b815860af69, type: 3}
--- !u!1001 &4993726145267913303
PrefabInstance:
  m_ObjectHideFlags: 0
  serializedVersion: 2
  m_Modification:
    m_TransformParent: {fileID: 1500582720}
    m_Modifications:
    - target: {fileID: 4993726146529144227, guid: 0387bf841dd846240a06eb6b7f523ed0, type: 3}
      propertyPath: m_LocalPosition.x
      value: 0
      objectReference: {fileID: 0}
    - target: {fileID: 4993726146529144227, guid: 0387bf841dd846240a06eb6b7f523ed0, type: 3}
      propertyPath: m_LocalPosition.y
      value: 0
      objectReference: {fileID: 0}
    - target: {fileID: 4993726146529144227, guid: 0387bf841dd846240a06eb6b7f523ed0, type: 3}
      propertyPath: m_LocalPosition.z
      value: 0
      objectReference: {fileID: 0}
    - target: {fileID: 4993726146529144227, guid: 0387bf841dd846240a06eb6b7f523ed0, type: 3}
      propertyPath: m_LocalRotation.x
      value: 0
      objectReference: {fileID: 0}
    - target: {fileID: 4993726146529144227, guid: 0387bf841dd846240a06eb6b7f523ed0, type: 3}
      propertyPath: m_LocalRotation.y
      value: 0
      objectReference: {fileID: 0}
    - target: {fileID: 4993726146529144227, guid: 0387bf841dd846240a06eb6b7f523ed0, type: 3}
      propertyPath: m_LocalRotation.z
      value: 0
      objectReference: {fileID: 0}
    - target: {fileID: 4993726146529144227, guid: 0387bf841dd846240a06eb6b7f523ed0, type: 3}
      propertyPath: m_LocalRotation.w
      value: 1
      objectReference: {fileID: 0}
    - target: {fileID: 4993726146529144227, guid: 0387bf841dd846240a06eb6b7f523ed0, type: 3}
      propertyPath: m_RootOrder
      value: 2
      objectReference: {fileID: 0}
    - target: {fileID: 4993726146529144227, guid: 0387bf841dd846240a06eb6b7f523ed0, type: 3}
      propertyPath: m_LocalEulerAnglesHint.x
      value: 0
      objectReference: {fileID: 0}
    - target: {fileID: 4993726146529144227, guid: 0387bf841dd846240a06eb6b7f523ed0, type: 3}
      propertyPath: m_LocalEulerAnglesHint.y
      value: 0
      objectReference: {fileID: 0}
    - target: {fileID: 4993726146529144227, guid: 0387bf841dd846240a06eb6b7f523ed0, type: 3}
      propertyPath: m_LocalEulerAnglesHint.z
      value: 0
      objectReference: {fileID: 0}
    - target: {fileID: 4993726146529144227, guid: 0387bf841dd846240a06eb6b7f523ed0, type: 3}
      propertyPath: m_AnchoredPosition.x
      value: 0
      objectReference: {fileID: 0}
    - target: {fileID: 4993726146529144227, guid: 0387bf841dd846240a06eb6b7f523ed0, type: 3}
      propertyPath: m_AnchoredPosition.y
      value: 0
      objectReference: {fileID: 0}
    - target: {fileID: 4993726146529144227, guid: 0387bf841dd846240a06eb6b7f523ed0, type: 3}
      propertyPath: m_SizeDelta.x
      value: 512
      objectReference: {fileID: 0}
    - target: {fileID: 4993726146529144227, guid: 0387bf841dd846240a06eb6b7f523ed0, type: 3}
      propertyPath: m_SizeDelta.y
      value: 512
      objectReference: {fileID: 0}
    - target: {fileID: 4993726146529144227, guid: 0387bf841dd846240a06eb6b7f523ed0, type: 3}
      propertyPath: m_AnchorMin.x
      value: 0.5
      objectReference: {fileID: 0}
    - target: {fileID: 4993726146529144227, guid: 0387bf841dd846240a06eb6b7f523ed0, type: 3}
      propertyPath: m_AnchorMin.y
      value: 0.5
      objectReference: {fileID: 0}
    - target: {fileID: 4993726146529144227, guid: 0387bf841dd846240a06eb6b7f523ed0, type: 3}
      propertyPath: m_AnchorMax.x
      value: 0.5
      objectReference: {fileID: 0}
    - target: {fileID: 4993726146529144227, guid: 0387bf841dd846240a06eb6b7f523ed0, type: 3}
      propertyPath: m_AnchorMax.y
      value: 0.5
      objectReference: {fileID: 0}
    - target: {fileID: 4993726146529144227, guid: 0387bf841dd846240a06eb6b7f523ed0, type: 3}
      propertyPath: m_Pivot.x
      value: 0.5
      objectReference: {fileID: 0}
    - target: {fileID: 4993726146529144227, guid: 0387bf841dd846240a06eb6b7f523ed0, type: 3}
      propertyPath: m_Pivot.y
      value: 0.5
      objectReference: {fileID: 0}
    - target: {fileID: 4993726146529144228, guid: 0387bf841dd846240a06eb6b7f523ed0, type: 3}
      propertyPath: m_Name
      value: gold_dragon
      objectReference: {fileID: 0}
    - target: {fileID: 4993726146529144228, guid: 0387bf841dd846240a06eb6b7f523ed0, type: 3}
      propertyPath: m_IsActive
      value: 1
      objectReference: {fileID: 0}
    m_RemovedComponents: []
  m_SourcePrefab: {fileID: 100100000, guid: 0387bf841dd846240a06eb6b7f523ed0, type: 3}
--- !u!1001 &7404577532861674783
PrefabInstance:
  m_ObjectHideFlags: 0
  serializedVersion: 2
  m_Modification:
    m_TransformParent: {fileID: 1500582720}
    m_Modifications:
    - target: {fileID: 7404577531269069709, guid: 6747a3500dd02704aa97a27daa475380, type: 3}
      propertyPath: m_LocalPosition.x
      value: 0
      objectReference: {fileID: 0}
    - target: {fileID: 7404577531269069709, guid: 6747a3500dd02704aa97a27daa475380, type: 3}
      propertyPath: m_LocalPosition.y
      value: 0
      objectReference: {fileID: 0}
    - target: {fileID: 7404577531269069709, guid: 6747a3500dd02704aa97a27daa475380, type: 3}
      propertyPath: m_LocalPosition.z
      value: 0
      objectReference: {fileID: 0}
    - target: {fileID: 7404577531269069709, guid: 6747a3500dd02704aa97a27daa475380, type: 3}
      propertyPath: m_LocalRotation.x
      value: 0
      objectReference: {fileID: 0}
    - target: {fileID: 7404577531269069709, guid: 6747a3500dd02704aa97a27daa475380, type: 3}
      propertyPath: m_LocalRotation.y
      value: 0
      objectReference: {fileID: 0}
    - target: {fileID: 7404577531269069709, guid: 6747a3500dd02704aa97a27daa475380, type: 3}
      propertyPath: m_LocalRotation.z
      value: 0
      objectReference: {fileID: 0}
    - target: {fileID: 7404577531269069709, guid: 6747a3500dd02704aa97a27daa475380, type: 3}
      propertyPath: m_LocalRotation.w
      value: 1
      objectReference: {fileID: 0}
    - target: {fileID: 7404577531269069709, guid: 6747a3500dd02704aa97a27daa475380, type: 3}
      propertyPath: m_RootOrder
      value: 3
      objectReference: {fileID: 0}
    - target: {fileID: 7404577531269069709, guid: 6747a3500dd02704aa97a27daa475380, type: 3}
      propertyPath: m_LocalEulerAnglesHint.x
      value: 0
      objectReference: {fileID: 0}
    - target: {fileID: 7404577531269069709, guid: 6747a3500dd02704aa97a27daa475380, type: 3}
      propertyPath: m_LocalEulerAnglesHint.y
      value: 0
      objectReference: {fileID: 0}
    - target: {fileID: 7404577531269069709, guid: 6747a3500dd02704aa97a27daa475380, type: 3}
      propertyPath: m_LocalEulerAnglesHint.z
      value: 0
      objectReference: {fileID: 0}
    - target: {fileID: 7404577531269069709, guid: 6747a3500dd02704aa97a27daa475380, type: 3}
      propertyPath: m_AnchoredPosition.x
      value: 0
      objectReference: {fileID: 0}
    - target: {fileID: 7404577531269069709, guid: 6747a3500dd02704aa97a27daa475380, type: 3}
      propertyPath: m_AnchoredPosition.y
      value: 0
      objectReference: {fileID: 0}
    - target: {fileID: 7404577531269069709, guid: 6747a3500dd02704aa97a27daa475380, type: 3}
      propertyPath: m_SizeDelta.x
      value: 512
      objectReference: {fileID: 0}
    - target: {fileID: 7404577531269069709, guid: 6747a3500dd02704aa97a27daa475380, type: 3}
      propertyPath: m_SizeDelta.y
      value: 512
      objectReference: {fileID: 0}
    - target: {fileID: 7404577531269069709, guid: 6747a3500dd02704aa97a27daa475380, type: 3}
      propertyPath: m_AnchorMin.x
      value: 0.5
      objectReference: {fileID: 0}
    - target: {fileID: 7404577531269069709, guid: 6747a3500dd02704aa97a27daa475380, type: 3}
      propertyPath: m_AnchorMin.y
      value: 0.5
      objectReference: {fileID: 0}
    - target: {fileID: 7404577531269069709, guid: 6747a3500dd02704aa97a27daa475380, type: 3}
      propertyPath: m_AnchorMax.x
      value: 0.5
      objectReference: {fileID: 0}
    - target: {fileID: 7404577531269069709, guid: 6747a3500dd02704aa97a27daa475380, type: 3}
      propertyPath: m_AnchorMax.y
      value: 0.5
      objectReference: {fileID: 0}
    - target: {fileID: 7404577531269069709, guid: 6747a3500dd02704aa97a27daa475380, type: 3}
      propertyPath: m_Pivot.x
      value: 0.5
      objectReference: {fileID: 0}
    - target: {fileID: 7404577531269069709, guid: 6747a3500dd02704aa97a27daa475380, type: 3}
      propertyPath: m_Pivot.y
      value: 0.5
      objectReference: {fileID: 0}
    - target: {fileID: 7404577531269069710, guid: 6747a3500dd02704aa97a27daa475380, type: 3}
      propertyPath: m_Name
      value: purple_dragon
      objectReference: {fileID: 0}
    - target: {fileID: 7404577531269069710, guid: 6747a3500dd02704aa97a27daa475380, type: 3}
      propertyPath: m_IsActive
      value: 1
      objectReference: {fileID: 0}
    m_RemovedComponents: []
  m_SourcePrefab: {fileID: 100100000, guid: 6747a3500dd02704aa97a27daa475380, type: 3}
--- !u!1001 &8155967567612501155
PrefabInstance:
  m_ObjectHideFlags: 0
  serializedVersion: 2
  m_Modification:
    m_TransformParent: {fileID: 1500582720}
    m_Modifications:
    - target: {fileID: 8155967566821158176, guid: df38a7a2d0a8a7342b95190d58ff2026, type: 3}
      propertyPath: m_LocalPosition.x
      value: 0
      objectReference: {fileID: 0}
    - target: {fileID: 8155967566821158176, guid: df38a7a2d0a8a7342b95190d58ff2026, type: 3}
      propertyPath: m_LocalPosition.y
      value: 0
      objectReference: {fileID: 0}
    - target: {fileID: 8155967566821158176, guid: df38a7a2d0a8a7342b95190d58ff2026, type: 3}
      propertyPath: m_LocalPosition.z
      value: 0
      objectReference: {fileID: 0}
    - target: {fileID: 8155967566821158176, guid: df38a7a2d0a8a7342b95190d58ff2026, type: 3}
      propertyPath: m_LocalRotation.x
      value: 0
      objectReference: {fileID: 0}
    - target: {fileID: 8155967566821158176, guid: df38a7a2d0a8a7342b95190d58ff2026, type: 3}
      propertyPath: m_LocalRotation.y
      value: 0
      objectReference: {fileID: 0}
    - target: {fileID: 8155967566821158176, guid: df38a7a2d0a8a7342b95190d58ff2026, type: 3}
      propertyPath: m_LocalRotation.z
      value: 0
      objectReference: {fileID: 0}
    - target: {fileID: 8155967566821158176, guid: df38a7a2d0a8a7342b95190d58ff2026, type: 3}
      propertyPath: m_LocalRotation.w
      value: 1
      objectReference: {fileID: 0}
    - target: {fileID: 8155967566821158176, guid: df38a7a2d0a8a7342b95190d58ff2026, type: 3}
      propertyPath: m_RootOrder
      value: 4
      objectReference: {fileID: 0}
    - target: {fileID: 8155967566821158176, guid: df38a7a2d0a8a7342b95190d58ff2026, type: 3}
      propertyPath: m_LocalEulerAnglesHint.x
      value: 0
      objectReference: {fileID: 0}
    - target: {fileID: 8155967566821158176, guid: df38a7a2d0a8a7342b95190d58ff2026, type: 3}
      propertyPath: m_LocalEulerAnglesHint.y
      value: 0
      objectReference: {fileID: 0}
    - target: {fileID: 8155967566821158176, guid: df38a7a2d0a8a7342b95190d58ff2026, type: 3}
      propertyPath: m_LocalEulerAnglesHint.z
      value: 0
      objectReference: {fileID: 0}
    - target: {fileID: 8155967566821158176, guid: df38a7a2d0a8a7342b95190d58ff2026, type: 3}
      propertyPath: m_AnchoredPosition.x
      value: 0
      objectReference: {fileID: 0}
    - target: {fileID: 8155967566821158176, guid: df38a7a2d0a8a7342b95190d58ff2026, type: 3}
      propertyPath: m_AnchoredPosition.y
      value: 0
      objectReference: {fileID: 0}
    - target: {fileID: 8155967566821158176, guid: df38a7a2d0a8a7342b95190d58ff2026, type: 3}
      propertyPath: m_SizeDelta.x
      value: 512
      objectReference: {fileID: 0}
    - target: {fileID: 8155967566821158176, guid: df38a7a2d0a8a7342b95190d58ff2026, type: 3}
      propertyPath: m_SizeDelta.y
      value: 512
      objectReference: {fileID: 0}
    - target: {fileID: 8155967566821158176, guid: df38a7a2d0a8a7342b95190d58ff2026, type: 3}
      propertyPath: m_AnchorMin.x
      value: 0.5
      objectReference: {fileID: 0}
    - target: {fileID: 8155967566821158176, guid: df38a7a2d0a8a7342b95190d58ff2026, type: 3}
      propertyPath: m_AnchorMin.y
      value: 0.5
      objectReference: {fileID: 0}
    - target: {fileID: 8155967566821158176, guid: df38a7a2d0a8a7342b95190d58ff2026, type: 3}
      propertyPath: m_AnchorMax.x
      value: 0.5
      objectReference: {fileID: 0}
    - target: {fileID: 8155967566821158176, guid: df38a7a2d0a8a7342b95190d58ff2026, type: 3}
      propertyPath: m_AnchorMax.y
      value: 0.5
      objectReference: {fileID: 0}
    - target: {fileID: 8155967566821158176, guid: df38a7a2d0a8a7342b95190d58ff2026, type: 3}
      propertyPath: m_Pivot.x
      value: 0.5
      objectReference: {fileID: 0}
    - target: {fileID: 8155967566821158176, guid: df38a7a2d0a8a7342b95190d58ff2026, type: 3}
      propertyPath: m_Pivot.y
      value: 0.5
      objectReference: {fileID: 0}
    - target: {fileID: 8155967566821158177, guid: df38a7a2d0a8a7342b95190d58ff2026, type: 3}
      propertyPath: m_Name
      value: blue_dragon
      objectReference: {fileID: 0}
    - target: {fileID: 8155967566821158177, guid: df38a7a2d0a8a7342b95190d58ff2026, type: 3}
      propertyPath: m_IsActive
      value: 1
      objectReference: {fileID: 0}
    m_RemovedComponents: []
  m_SourcePrefab: {fileID: 100100000, guid: df38a7a2d0a8a7342b95190d58ff2026, type: 3}
