%YAML 1.1
%TAG !u! tag:unity3d.com,2011:
--- !u!1 &340810470957733365
GameObject:
  m_ObjectHideFlags: 0
  m_CorrespondingSourceObject: {fileID: 0}
  m_PrefabInstance: {fileID: 0}
  m_PrefabAsset: {fileID: 0}
  serializedVersion: 6
  m_Component:
  - component: {fileID: 7536745336552411440}
  - component: {fileID: 1246191278996338556}
  - component: {fileID: 9143740876112201162}
  - component: {fileID: 689481605652385298}
  m_Layer: 5
  m_Name: ManBlackBeard
  m_TagString: Untagged
  m_Icon: {fileID: 0}
  m_NavMeshLayer: 0
  m_StaticEditorFlags: 0
  m_IsActive: 1
--- !u!224 &7536745336552411440
RectTransform:
  m_ObjectHideFlags: 0
  m_CorrespondingSourceObject: {fileID: 0}
  m_PrefabInstance: {fileID: 0}
  m_PrefabAsset: {fileID: 0}
  m_GameObject: {fileID: 340810470957733365}
  m_LocalRotation: {x: 0, y: 0, z: 0, w: 1}
  m_LocalPosition: {x: 0, y: 0, z: 0}
  m_LocalScale: {x: 1, y: 1, z: 1}
  m_Children:
  - {fileID: 1821336492981874841}
  - {fileID: 3697749189361666771}
  - {fileID: 8201520769291652056}
  m_Father: {fileID: 0}
  m_RootOrder: 0
  m_LocalEulerAnglesHint: {x: 0, y: 0, z: 0}
  m_AnchorMin: {x: 0, y: 0}
  m_AnchorMax: {x: 0, y: 0}
  m_AnchoredPosition: {x: 0, y: 0}
  m_SizeDelta: {x: 150, y: 150}
  m_Pivot: {x: 0.5, y: 0.5}
--- !u!222 &1246191278996338556
CanvasRenderer:
  m_ObjectHideFlags: 0
  m_CorrespondingSourceObject: {fileID: 0}
  m_PrefabInstance: {fileID: 0}
  m_PrefabAsset: {fileID: 0}
  m_GameObject: {fileID: 340810470957733365}
  m_CullTransparentMesh: 0
--- !u!95 &9143740876112201162
Animator:
  serializedVersion: 3
  m_ObjectHideFlags: 0
  m_CorrespondingSourceObject: {fileID: 0}
  m_PrefabInstance: {fileID: 0}
  m_PrefabAsset: {fileID: 0}
  m_GameObject: {fileID: 340810470957733365}
  m_Enabled: 1
  m_Avatar: {fileID: 0}
  m_Controller: {fileID: 9100000, guid: 2e9a7445977e87f41bff3cedc28cc282, type: 2}
  m_CullingMode: 0
  m_UpdateMode: 0
  m_ApplyRootMotion: 0
  m_LinearVelocityBlending: 0
  m_WarningMessage: 
  m_HasTransformHierarchy: 1
  m_AllowConstantClipSamplingOptimization: 1
  m_KeepAnimatorControllerStateOnDisable: 0
--- !u!114 &689481605652385298
MonoBehaviour:
  m_ObjectHideFlags: 0
  m_CorrespondingSourceObject: {fileID: 0}
  m_PrefabInstance: {fileID: 0}
  m_PrefabAsset: {fileID: 0}
  m_GameObject: {fileID: 340810470957733365}
  m_Enabled: 1
  m_EditorHideFlags: 0
  m_Script: {fileID: 11500000, guid: b25e39c3f91e0494a98a4b3ea5c669cc, type: 3}
  m_Name: 
  m_EditorClassIdentifier: 
  m_ReelParent: {fileID: 0}
  m_Animation: {fileID: 9143740876112201162}
  m_AnimationName: ManBlackBeard
  m_Image: {fileID: 1363956260112540417}
  m_SymbolType: 22
  m_Highlight: {fileID: 4440244662007812269}
  m_Dimmer: {fileID: 5361244271031149152}
  m_DefaultScale: {x: 0, y: 0, z: 0}
--- !u!1 &8338266691305204442
GameObject:
  m_ObjectHideFlags: 0
  m_CorrespondingSourceObject: {fileID: 0}
  m_PrefabInstance: {fileID: 0}
  m_PrefabAsset: {fileID: 0}
  serializedVersion: 6
  m_Component:
  - component: {fileID: 1821336492981874841}
  - component: {fileID: 3501525159875454822}
  - component: {fileID: 1363956260112540417}
  m_Layer: 5
  m_Name: Symbol
  m_TagString: Untagged
  m_Icon: {fileID: 0}
  m_NavMeshLayer: 0
  m_StaticEditorFlags: 0
  m_IsActive: 1
--- !u!224 &1821336492981874841
RectTransform:
  m_ObjectHideFlags: 0
  m_CorrespondingSourceObject: {fileID: 0}
  m_PrefabInstance: {fileID: 0}
  m_PrefabAsset: {fileID: 0}
  m_GameObject: {fileID: 8338266691305204442}
  m_LocalRotation: {x: -0, y: -0, z: -0, w: 1}
  m_LocalPosition: {x: 0, y: 0, z: 0}
  m_LocalScale: {x: 1, y: 1, z: 1}
  m_Children: []
  m_Father: {fileID: 7536745336552411440}
  m_RootOrder: 0
  m_LocalEulerAnglesHint: {x: 0, y: 0, z: 0}
  m_AnchorMin: {x: 0.5, y: 0.5}
  m_AnchorMax: {x: 0.5, y: 0.5}
  m_AnchoredPosition: {x: 7.17, y: 0}
  m_SizeDelta: {x: 185, y: 170}
  m_Pivot: {x: 0.5, y: 0.5}
--- !u!222 &3501525159875454822
CanvasRenderer:
  m_ObjectHideFlags: 0
  m_CorrespondingSourceObject: {fileID: 0}
  m_PrefabInstance: {fileID: 0}
  m_PrefabAsset: {fileID: 0}
  m_GameObject: {fileID: 8338266691305204442}
  m_CullTransparentMesh: 0
--- !u!114 &1363956260112540417
MonoBehaviour:
  m_ObjectHideFlags: 0
  m_CorrespondingSourceObject: {fileID: 0}
  m_PrefabInstance: {fileID: 0}
  m_PrefabAsset: {fileID: 0}
  m_GameObject: {fileID: 8338266691305204442}
  m_Enabled: 1
  m_EditorHideFlags: 0
  m_Script: {fileID: 11500000, guid: 0162a838dc3213a47a61b004398b96ae, type: 3}
  m_Name: 
  m_EditorClassIdentifier: 
  m_Material: {fileID: 0}
  m_Color: {r: 1, g: 1, b: 1, a: 1}
  m_RaycastTarget: 1
  m_RaycastPadding: {x: 0, y: 0, z: 0, w: 0}
  m_Maskable: 1
  m_OnCullStateChanged:
    m_PersistentCalls:
      m_Calls: []
  m_Sprite: {fileID: -4255203375131097747, guid: 1319d636b82707b44b70bf4e7287cf85, type: 3}
  m_Type: 0
  m_PreserveAspect: 1
  m_FillCenter: 1
  m_FillMethod: 4
  m_FillAmount: 1
  m_FillClockwise: 1
  m_FillOrigin: 0
  m_UseSpriteMesh: 0
  m_PixelsPerUnitMultiplier: 1
--- !u!1001 &4904886438167443622
PrefabInstance:
  m_ObjectHideFlags: 0
  serializedVersion: 2
  m_Modification:
    m_TransformParent: {fileID: 7536745336552411440}
    m_Modifications:
    - target: {fileID: 3873112815737238398, guid: 31dfa7a1b31d5d34f801bbd7628cafd4, type: 3}
      propertyPath: m_LocalPosition.x
      value: 0
      objectReference: {fileID: 0}
    - target: {fileID: 3873112815737238398, guid: 31dfa7a1b31d5d34f801bbd7628cafd4, type: 3}
      propertyPath: m_LocalPosition.y
      value: 0
      objectReference: {fileID: 0}
    - target: {fileID: 3873112815737238398, guid: 31dfa7a1b31d5d34f801bbd7628cafd4, type: 3}
      propertyPath: m_LocalPosition.z
      value: 0
      objectReference: {fileID: 0}
    - target: {fileID: 3873112815737238398, guid: 31dfa7a1b31d5d34f801bbd7628cafd4, type: 3}
      propertyPath: m_LocalRotation.x
      value: 0
      objectReference: {fileID: 0}
    - target: {fileID: 3873112815737238398, guid: 31dfa7a1b31d5d34f801bbd7628cafd4, type: 3}
      propertyPath: m_LocalRotation.y
      value: 0
      objectReference: {fileID: 0}
    - target: {fileID: 3873112815737238398, guid: 31dfa7a1b31d5d34f801bbd7628cafd4, type: 3}
      propertyPath: m_LocalRotation.z
      value: 0
      objectReference: {fileID: 0}
    - target: {fileID: 3873112815737238398, guid: 31dfa7a1b31d5d34f801bbd7628cafd4, type: 3}
      propertyPath: m_LocalRotation.w
      value: 1
      objectReference: {fileID: 0}
    - target: {fileID: 3873112815737238398, guid: 31dfa7a1b31d5d34f801bbd7628cafd4, type: 3}
      propertyPath: m_RootOrder
      value: 2
      objectReference: {fileID: 0}
    - target: {fileID: 3873112815737238398, guid: 31dfa7a1b31d5d34f801bbd7628cafd4, type: 3}
      propertyPath: m_LocalEulerAnglesHint.x
      value: 0
      objectReference: {fileID: 0}
    - target: {fileID: 3873112815737238398, guid: 31dfa7a1b31d5d34f801bbd7628cafd4, type: 3}
      propertyPath: m_LocalEulerAnglesHint.y
      value: 0
      objectReference: {fileID: 0}
    - target: {fileID: 3873112815737238398, guid: 31dfa7a1b31d5d34f801bbd7628cafd4, type: 3}
      propertyPath: m_LocalEulerAnglesHint.z
      value: 0
      objectReference: {fileID: 0}
    - target: {fileID: 3873112815737238398, guid: 31dfa7a1b31d5d34f801bbd7628cafd4, type: 3}
      propertyPath: m_AnchoredPosition.x
      value: 0
      objectReference: {fileID: 0}
    - target: {fileID: 3873112815737238398, guid: 31dfa7a1b31d5d34f801bbd7628cafd4, type: 3}
      propertyPath: m_AnchoredPosition.y
      value: 0
      objectReference: {fileID: 0}
    - target: {fileID: 3873112815737238398, guid: 31dfa7a1b31d5d34f801bbd7628cafd4, type: 3}
      propertyPath: m_SizeDelta.x
      value: 100
      objectReference: {fileID: 0}
    - target: {fileID: 3873112815737238398, guid: 31dfa7a1b31d5d34f801bbd7628cafd4, type: 3}
      propertyPath: m_SizeDelta.y
      value: 100
      objectReference: {fileID: 0}
    - target: {fileID: 3873112815737238398, guid: 31dfa7a1b31d5d34f801bbd7628cafd4, type: 3}
      propertyPath: m_AnchorMin.x
      value: 0.5
      objectReference: {fileID: 0}
    - target: {fileID: 3873112815737238398, guid: 31dfa7a1b31d5d34f801bbd7628cafd4, type: 3}
      propertyPath: m_AnchorMin.y
      value: 0.5
      objectReference: {fileID: 0}
    - target: {fileID: 3873112815737238398, guid: 31dfa7a1b31d5d34f801bbd7628cafd4, type: 3}
      propertyPath: m_AnchorMax.x
      value: 0.5
      objectReference: {fileID: 0}
    - target: {fileID: 3873112815737238398, guid: 31dfa7a1b31d5d34f801bbd7628cafd4, type: 3}
      propertyPath: m_AnchorMax.y
      value: 0.5
      objectReference: {fileID: 0}
    - target: {fileID: 3873112815737238398, guid: 31dfa7a1b31d5d34f801bbd7628cafd4, type: 3}
      propertyPath: m_Pivot.x
      value: 0.5
      objectReference: {fileID: 0}
    - target: {fileID: 3873112815737238398, guid: 31dfa7a1b31d5d34f801bbd7628cafd4, type: 3}
      propertyPath: m_Pivot.y
      value: 0.5
      objectReference: {fileID: 0}
    - target: {fileID: 8759293213335169035, guid: 31dfa7a1b31d5d34f801bbd7628cafd4, type: 3}
      propertyPath: m_Name
      value: Highlight
      objectReference: {fileID: 0}
    - target: {fileID: 8759293213335169035, guid: 31dfa7a1b31d5d34f801bbd7628cafd4, type: 3}
      propertyPath: m_IsActive
      value: 0
      objectReference: {fileID: 0}
    m_RemovedComponents: []
  m_SourcePrefab: {fileID: 100100000, guid: 31dfa7a1b31d5d34f801bbd7628cafd4, type: 3}
--- !u!1 &4440244662007812269 stripped
GameObject:
  m_CorrespondingSourceObject: {fileID: 8759293213335169035, guid: 31dfa7a1b31d5d34f801bbd7628cafd4, type: 3}
  m_PrefabInstance: {fileID: 4904886438167443622}
  m_PrefabAsset: {fileID: 0}
--- !u!224 &8201520769291652056 stripped
RectTransform:
  m_CorrespondingSourceObject: {fileID: 3873112815737238398, guid: 31dfa7a1b31d5d34f801bbd7628cafd4, type: 3}
  m_PrefabInstance: {fileID: 4904886438167443622}
  m_PrefabAsset: {fileID: 0}
--- !u!1001 &7602965508728770298
PrefabInstance:
  m_ObjectHideFlags: 0
  serializedVersion: 2
  m_Modification:
    m_TransformParent: {fileID: 7536745336552411440}
    m_Modifications:
    - target: {fileID: 2586719419883039898, guid: 23408456d39021344b62217911991693, type: 3}
      propertyPath: m_Name
      value: NotWinning
      objectReference: {fileID: 0}
    - target: {fileID: 2586719419883039898, guid: 23408456d39021344b62217911991693, type: 3}
      propertyPath: m_IsActive
      value: 0
      objectReference: {fileID: 0}
    - target: {fileID: 6544332321837237289, guid: 23408456d39021344b62217911991693, type: 3}
      propertyPath: m_LocalPosition.x
      value: 0
      objectReference: {fileID: 0}
    - target: {fileID: 6544332321837237289, guid: 23408456d39021344b62217911991693, type: 3}
      propertyPath: m_LocalPosition.y
      value: 0
      objectReference: {fileID: 0}
    - target: {fileID: 6544332321837237289, guid: 23408456d39021344b62217911991693, type: 3}
      propertyPath: m_LocalPosition.z
      value: 0
      objectReference: {fileID: 0}
    - target: {fileID: 6544332321837237289, guid: 23408456d39021344b62217911991693, type: 3}
      propertyPath: m_LocalRotation.x
      value: -0
      objectReference: {fileID: 0}
    - target: {fileID: 6544332321837237289, guid: 23408456d39021344b62217911991693, type: 3}
      propertyPath: m_LocalRotation.y
      value: -0
      objectReference: {fileID: 0}
    - target: {fileID: 6544332321837237289, guid: 23408456d39021344b62217911991693, type: 3}
      propertyPath: m_LocalRotation.z
      value: -0
      objectReference: {fileID: 0}
    - target: {fileID: 6544332321837237289, guid: 23408456d39021344b62217911991693, type: 3}
      propertyPath: m_LocalRotation.w
      value: 1
      objectReference: {fileID: 0}
    - target: {fileID: 6544332321837237289, guid: 23408456d39021344b62217911991693, type: 3}
      propertyPath: m_RootOrder
      value: 1
      objectReference: {fileID: 0}
    - target: {fileID: 6544332321837237289, guid: 23408456d39021344b62217911991693, type: 3}
      propertyPath: m_LocalEulerAnglesHint.x
      value: 0
      objectReference: {fileID: 0}
    - target: {fileID: 6544332321837237289, guid: 23408456d39021344b62217911991693, type: 3}
      propertyPath: m_LocalEulerAnglesHint.y
      value: 0
      objectReference: {fileID: 0}
    - target: {fileID: 6544332321837237289, guid: 23408456d39021344b62217911991693, type: 3}
      propertyPath: m_LocalEulerAnglesHint.z
      value: 0
      objectReference: {fileID: 0}
    - target: {fileID: 6544332321837237289, guid: 23408456d39021344b62217911991693, type: 3}
      propertyPath: m_AnchoredPosition.x
      value: 0
      objectReference: {fileID: 0}
    - target: {fileID: 6544332321837237289, guid: 23408456d39021344b62217911991693, type: 3}
      propertyPath: m_AnchoredPosition.y
      value: 1.74
      objectReference: {fileID: 0}
    - target: {fileID: 6544332321837237289, guid: 23408456d39021344b62217911991693, type: 3}
      propertyPath: m_SizeDelta.x
      value: 205
      objectReference: {fileID: 0}
    - target: {fileID: 6544332321837237289, guid: 23408456d39021344b62217911991693, type: 3}
      propertyPath: m_SizeDelta.y
      value: 190.51053
      objectReference: {fileID: 0}
    - target: {fileID: 6544332321837237289, guid: 23408456d39021344b62217911991693, type: 3}
      propertyPath: m_AnchorMin.x
      value: 0.5
      objectReference: {fileID: 0}
    - target: {fileID: 6544332321837237289, guid: 23408456d39021344b62217911991693, type: 3}
      propertyPath: m_AnchorMin.y
      value: 0.5
      objectReference: {fileID: 0}
    - target: {fileID: 6544332321837237289, guid: 23408456d39021344b62217911991693, type: 3}
      propertyPath: m_AnchorMax.x
      value: 0.5
      objectReference: {fileID: 0}
    - target: {fileID: 6544332321837237289, guid: 23408456d39021344b62217911991693, type: 3}
      propertyPath: m_AnchorMax.y
      value: 0.5
      objectReference: {fileID: 0}
    - target: {fileID: 6544332321837237289, guid: 23408456d39021344b62217911991693, type: 3}
      propertyPath: m_Pivot.x
      value: 0.5
      objectReference: {fileID: 0}
    - target: {fileID: 6544332321837237289, guid: 23408456d39021344b62217911991693, type: 3}
      propertyPath: m_Pivot.y
      value: 0.5
      objectReference: {fileID: 0}
    m_RemovedComponents: []
  m_SourcePrefab: {fileID: 100100000, guid: 23408456d39021344b62217911991693, type: 3}
--- !u!1 &5361244271031149152 stripped
GameObject:
  m_CorrespondingSourceObject: {fileID: 2586719419883039898, guid: 23408456d39021344b62217911991693, type: 3}
  m_PrefabInstance: {fileID: 7602965508728770298}
  m_PrefabAsset: {fileID: 0}
--- !u!224 &3697749189361666771 stripped
RectTransform:
  m_CorrespondingSourceObject: {fileID: 6544332321837237289, guid: 23408456d39021344b62217911991693, type: 3}
  m_PrefabInstance: {fileID: 7602965508728770298}
  m_PrefabAsset: {fileID: 0}
