%YAML 1.1
%TAG !u! tag:unity3d.com,2011:
--- !u!1 &1153370250695699917
GameObject:
  m_ObjectHideFlags: 0
  m_CorrespondingSourceObject: {fileID: 0}
  m_PrefabInstance: {fileID: 0}
  m_PrefabAsset: {fileID: 0}
  serializedVersion: 6
  m_Component:
  - component: {fileID: 1926598711840709207}
  - component: {fileID: 1937972274166960348}
  - component: {fileID: 2340323606274910554}
  m_Layer: 5
  m_Name: Symbol
  m_TagString: Untagged
  m_Icon: {fileID: 0}
  m_NavMeshLayer: 0
  m_StaticEditorFlags: 0
  m_IsActive: 1
--- !u!224 &1926598711840709207
RectTransform:
  m_ObjectHideFlags: 0
  m_CorrespondingSourceObject: {fileID: 0}
  m_PrefabInstance: {fileID: 0}
  m_PrefabAsset: {fileID: 0}
  m_GameObject: {fileID: 1153370250695699917}
  m_LocalRotation: {x: 0, y: 0, z: 0, w: 1}
  m_LocalPosition: {x: 0, y: 0, z: 0}
  m_LocalScale: {x: 1, y: 1, z: 1}
  m_Children: []
  m_Father: {fileID: 8045648103586126943}
  m_RootOrder: 1
  m_LocalEulerAnglesHint: {x: 0, y: 0, z: 0}
  m_AnchorMin: {x: 0.5, y: 0.5}
  m_AnchorMax: {x: 0.5, y: 0.5}
  m_AnchoredPosition: {x: 0, y: 0}
  m_SizeDelta: {x: 175, y: 175}
  m_Pivot: {x: 0.5, y: 0.5}
--- !u!222 &1937972274166960348
CanvasRenderer:
  m_ObjectHideFlags: 0
  m_CorrespondingSourceObject: {fileID: 0}
  m_PrefabInstance: {fileID: 0}
  m_PrefabAsset: {fileID: 0}
  m_GameObject: {fileID: 1153370250695699917}
  m_CullTransparentMesh: 0
--- !u!114 &2340323606274910554
MonoBehaviour:
  m_ObjectHideFlags: 0
  m_CorrespondingSourceObject: {fileID: 0}
  m_PrefabInstance: {fileID: 0}
  m_PrefabAsset: {fileID: 0}
  m_GameObject: {fileID: 1153370250695699917}
  m_Enabled: 1
  m_EditorHideFlags: 0
  m_Script: {fileID: 11500000, guid: 0162a838dc3213a47a61b004398b96ae, type: 3}
  m_Name: 
  m_EditorClassIdentifier: 
  m_Material: {fileID: 0}
  m_Color: {r: 1, g: 1, b: 1, a: 1}
  m_RaycastTarget: 1
  m_RaycastPadding: {x: 0, y: 0, z: 0, w: 0}
  m_Maskable: 1
  m_OnCullStateChanged:
    m_PersistentCalls:
      m_Calls: []
  m_Sprite: {fileID: -9037620896987289814, guid: 6bf7d1485bb0ca84794f6bd239e4e510, type: 3}
  m_Type: 0
  m_PreserveAspect: 0
  m_FillCenter: 1
  m_FillMethod: 4
  m_FillAmount: 1
  m_FillClockwise: 1
  m_FillOrigin: 0
  m_UseSpriteMesh: 0
  m_PixelsPerUnitMultiplier: 1
--- !u!1 &5973620524821498358
GameObject:
  m_ObjectHideFlags: 0
  m_CorrespondingSourceObject: {fileID: 0}
  m_PrefabInstance: {fileID: 0}
  m_PrefabAsset: {fileID: 0}
  serializedVersion: 6
  m_Component:
  - component: {fileID: 8045648103586126943}
  - component: {fileID: 5894719447646917734}
  - component: {fileID: 6008200865183468599}
  - component: {fileID: 7602417972678388494}
  m_Layer: 5
  m_Name: Scatter
  m_TagString: Untagged
  m_Icon: {fileID: 0}
  m_NavMeshLayer: 0
  m_StaticEditorFlags: 0
  m_IsActive: 1
--- !u!224 &8045648103586126943
RectTransform:
  m_ObjectHideFlags: 0
  m_CorrespondingSourceObject: {fileID: 0}
  m_PrefabInstance: {fileID: 0}
  m_PrefabAsset: {fileID: 0}
  m_GameObject: {fileID: 5973620524821498358}
  m_LocalRotation: {x: -0, y: -0, z: -0, w: 1}
  m_LocalPosition: {x: 0, y: 0, z: 0}
  m_LocalScale: {x: 1, y: 1, z: 1}
  m_Children:
  - {fileID: 4787680942725620857}
  - {fileID: 1926598711840709207}
  m_Father: {fileID: 0}
  m_RootOrder: 0
  m_LocalEulerAnglesHint: {x: 0, y: 0, z: 0}
  m_AnchorMin: {x: 0, y: 0}
  m_AnchorMax: {x: 0, y: 0}
  m_AnchoredPosition: {x: 0, y: 0}
  m_SizeDelta: {x: 0, y: 0}
  m_Pivot: {x: 0.5, y: 0.5}
--- !u!222 &5894719447646917734
CanvasRenderer:
  m_ObjectHideFlags: 0
  m_CorrespondingSourceObject: {fileID: 0}
  m_PrefabInstance: {fileID: 0}
  m_PrefabAsset: {fileID: 0}
  m_GameObject: {fileID: 5973620524821498358}
  m_CullTransparentMesh: 0
--- !u!114 &6008200865183468599
MonoBehaviour:
  m_ObjectHideFlags: 0
  m_CorrespondingSourceObject: {fileID: 0}
  m_PrefabInstance: {fileID: 0}
  m_PrefabAsset: {fileID: 0}
  m_GameObject: {fileID: 5973620524821498358}
  m_Enabled: 1
  m_EditorHideFlags: 0
  m_Script: {fileID: 11500000, guid: 3c66e9e2c1bc6a9458400cac0d0bfa02, type: 3}
  m_Name: 
  m_EditorClassIdentifier: 
  m_ReelParent: {fileID: 0}
  m_Animation: {fileID: 7602417972678388494}
  m_AnimationName: Scatter
  m_Image: {fileID: 2340323606274910554}
  m_SymbolType: 0
  m_Highlight: {fileID: 4547722627440412422}
--- !u!95 &7602417972678388494
Animator:
  serializedVersion: 3
  m_ObjectHideFlags: 0
  m_CorrespondingSourceObject: {fileID: 0}
  m_PrefabInstance: {fileID: 0}
  m_PrefabAsset: {fileID: 0}
  m_GameObject: {fileID: 5973620524821498358}
  m_Enabled: 1
  m_Avatar: {fileID: 0}
  m_Controller: {fileID: 9100000, guid: d9068f176cdd74343ac494453c0b3484, type: 2}
  m_CullingMode: 0
  m_UpdateMode: 0
  m_ApplyRootMotion: 0
  m_LinearVelocityBlending: 0
  m_WarningMessage: 
  m_HasTransformHierarchy: 1
  m_AllowConstantClipSamplingOptimization: 1
  m_KeepAnimatorControllerStateOnDisable: 0
--- !u!1001 &5920489044041674592
PrefabInstance:
  m_ObjectHideFlags: 0
  serializedVersion: 2
  m_Modification:
    m_TransformParent: {fileID: 8045648103586126943}
    m_Modifications:
    - target: {fileID: 1177848641698876185, guid: 5b45af1ca19fd3442af7b280485efa83, type: 3}
      propertyPath: m_LocalPosition.x
      value: 0
      objectReference: {fileID: 0}
    - target: {fileID: 1177848641698876185, guid: 5b45af1ca19fd3442af7b280485efa83, type: 3}
      propertyPath: m_LocalPosition.y
      value: 0
      objectReference: {fileID: 0}
    - target: {fileID: 1177848641698876185, guid: 5b45af1ca19fd3442af7b280485efa83, type: 3}
      propertyPath: m_LocalPosition.z
      value: 0
      objectReference: {fileID: 0}
    - target: {fileID: 1177848641698876185, guid: 5b45af1ca19fd3442af7b280485efa83, type: 3}
      propertyPath: m_LocalRotation.x
      value: 0
      objectReference: {fileID: 0}
    - target: {fileID: 1177848641698876185, guid: 5b45af1ca19fd3442af7b280485efa83, type: 3}
      propertyPath: m_LocalRotation.y
      value: 0
      objectReference: {fileID: 0}
    - target: {fileID: 1177848641698876185, guid: 5b45af1ca19fd3442af7b280485efa83, type: 3}
      propertyPath: m_LocalRotation.z
      value: 0
      objectReference: {fileID: 0}
    - target: {fileID: 1177848641698876185, guid: 5b45af1ca19fd3442af7b280485efa83, type: 3}
      propertyPath: m_LocalRotation.w
      value: 1
      objectReference: {fileID: 0}
    - target: {fileID: 1177848641698876185, guid: 5b45af1ca19fd3442af7b280485efa83, type: 3}
      propertyPath: m_RootOrder
      value: 0
      objectReference: {fileID: 0}
    - target: {fileID: 1177848641698876185, guid: 5b45af1ca19fd3442af7b280485efa83, type: 3}
      propertyPath: m_LocalEulerAnglesHint.x
      value: 0
      objectReference: {fileID: 0}
    - target: {fileID: 1177848641698876185, guid: 5b45af1ca19fd3442af7b280485efa83, type: 3}
      propertyPath: m_LocalEulerAnglesHint.y
      value: 0
      objectReference: {fileID: 0}
    - target: {fileID: 1177848641698876185, guid: 5b45af1ca19fd3442af7b280485efa83, type: 3}
      propertyPath: m_LocalEulerAnglesHint.z
      value: 0
      objectReference: {fileID: 0}
    - target: {fileID: 1177848641698876185, guid: 5b45af1ca19fd3442af7b280485efa83, type: 3}
      propertyPath: m_AnchoredPosition.x
      value: 0
      objectReference: {fileID: 0}
    - target: {fileID: 1177848641698876185, guid: 5b45af1ca19fd3442af7b280485efa83, type: 3}
      propertyPath: m_AnchoredPosition.y
      value: 0
      objectReference: {fileID: 0}
    - target: {fileID: 1177848641698876185, guid: 5b45af1ca19fd3442af7b280485efa83, type: 3}
      propertyPath: m_SizeDelta.x
      value: 235
      objectReference: {fileID: 0}
    - target: {fileID: 1177848641698876185, guid: 5b45af1ca19fd3442af7b280485efa83, type: 3}
      propertyPath: m_SizeDelta.y
      value: 230
      objectReference: {fileID: 0}
    - target: {fileID: 1177848641698876185, guid: 5b45af1ca19fd3442af7b280485efa83, type: 3}
      propertyPath: m_AnchorMin.x
      value: 0.5
      objectReference: {fileID: 0}
    - target: {fileID: 1177848641698876185, guid: 5b45af1ca19fd3442af7b280485efa83, type: 3}
      propertyPath: m_AnchorMin.y
      value: 0.5
      objectReference: {fileID: 0}
    - target: {fileID: 1177848641698876185, guid: 5b45af1ca19fd3442af7b280485efa83, type: 3}
      propertyPath: m_AnchorMax.x
      value: 0.5
      objectReference: {fileID: 0}
    - target: {fileID: 1177848641698876185, guid: 5b45af1ca19fd3442af7b280485efa83, type: 3}
      propertyPath: m_AnchorMax.y
      value: 0.5
      objectReference: {fileID: 0}
    - target: {fileID: 1177848641698876185, guid: 5b45af1ca19fd3442af7b280485efa83, type: 3}
      propertyPath: m_Pivot.x
      value: 0.5
      objectReference: {fileID: 0}
    - target: {fileID: 1177848641698876185, guid: 5b45af1ca19fd3442af7b280485efa83, type: 3}
      propertyPath: m_Pivot.y
      value: 0.5
      objectReference: {fileID: 0}
    - target: {fileID: 7869209978629105766, guid: 5b45af1ca19fd3442af7b280485efa83, type: 3}
      propertyPath: m_Name
      value: Highlight
      objectReference: {fileID: 0}
    - target: {fileID: 7869209978629105766, guid: 5b45af1ca19fd3442af7b280485efa83, type: 3}
      propertyPath: m_IsActive
      value: 0
      objectReference: {fileID: 0}
    m_RemovedComponents: []
  m_SourcePrefab: {fileID: 100100000, guid: 5b45af1ca19fd3442af7b280485efa83, type: 3}
--- !u!1 &4547722627440412422 stripped
GameObject:
  m_CorrespondingSourceObject: {fileID: 7869209978629105766, guid: 5b45af1ca19fd3442af7b280485efa83, type: 3}
  m_PrefabInstance: {fileID: 5920489044041674592}
  m_PrefabAsset: {fileID: 0}
--- !u!224 &4787680942725620857 stripped
RectTransform:
  m_CorrespondingSourceObject: {fileID: 1177848641698876185, guid: 5b45af1ca19fd3442af7b280485efa83, type: 3}
  m_PrefabInstance: {fileID: 5920489044041674592}
  m_PrefabAsset: {fileID: 0}
